3009 4259
1073 171 1229 227 GAP.
1267 178 1483 226 21-24.
1551 174 1585 241 ξ,
1621 178 1840 227 79-88.
2538 174 2613 239 51

295 339 602 418 Quocirca
647 340 1006 421 (dicendum
1059 347 1155 408 est
1209 343 1377 407 enim
1428 342 1731 426 saepius),
1783 364 1931 408 cum
1980 344 2302 427 iudicaris,
2358 345 2616 431 diligere
2640 354 2706 406 85

296 430 562 510 oportet,
604 449 748 506 non,
793 451 937 493 cum
981 428 1287 506 dilexeris,
1327 428 1621 492 iudicare.

464 509 589 575 Sed
631 535 774 576 cum
801 514 1015 577 multis
1043 513 1109 576 in
1136 513 1324 577 rebus
1352 512 1757 597 neglegentia
1793 512 2142 594 plectimur,
2184 518 2322 577 tum
2352 517 2621 581 maxime

296 596 362 660 in
415 595 630 660 amicis
682 603 746 662 et
797 598 1129 682 diligendis
1192 602 1257 661 et
1310 597 1611 673 colendis3
1671 596 2097 680 praeposteris
2160 597 2330 661 enim
2389 600 2625 664 utimur

222 701 258 749 5
299 679 576 744 consiliis
622 687 687 746 et
730 686 872 746 acta
915 682 1177 780 agimuS,
1222 682 1391 765 quod
1431 686 1719 745 vetamur
1760 685 1970 745 vetere
2014 682 2366 765 proverbio.
2453 682 2624 766 Nam

295 765 599 848 implicati
643 766 810 830 ultro
842 770 906 830 et
935 770 1091 830 citro
1120 766 1222 829 vel
1263 788 1384 830 usu
1414 766 1710 847 diuturno
1740 765 1841 830 vel
1879 766 2072 829 etiam
2099 766 2324 830 officiis
2367 774 2621 851 repente

294 850 361 913 in
404 849 611 914 medio
658 867 848 915 cursu
891 851 1199 914 amicitias
1243 856 1461 915 exorta
1516 850 1732 934 aliqua
1778 849 2118 914 offensione
2163 851 2620 935 disrumpimus.
2633 917 2648 932 ,

295 933 435 1032 Quo
481 936 672 1031 etiam
713 936 918 1020 magis
961 935 1375 1031 vituperanda
1426 939 1524 999 est
1565 935 1661 999 rei
1698 934 1972 999 maxime
2014 936 2398 1000 necessariae
2442 942 2621 1002 tanta
2634 904 2707 1029 ἐξ

294 1040 554 1083 mcuna.
649 1017 797 1084 Una
859 1024 954 1084 est
1014 1041 1182 1083 emm
1233 1020 1511 1083 amicitia
1560 1020 1628 1083 in
1678 1019 1867 1083 rebus
1918 1018 2239 1097 humanis,
2301 1020 2377 1085 de
2440 1022 2620 1087 cuius

213 1125 276 1172 ιο
293 1102 572 1168 utilitate
616 1125 833 1168 omnes
876 1126 1002 1169 uno
1048 1126 1155 1168 ore
1194 1104 1610 1182 consentiunt,
1655 1124 2040 1186 quamquam
2082 1126 2121 1167 a
2161 1104 2378 1169 multis
2421 1107 2621 1171 virtus

293 1187 2621 1357 {1³}{itu‘ssffiffiffifftffivssiaJeissssississnssuZffifflssmpasssstueco‘fffflssff‘ieffiss

292 1357 496 1421 victus
525 1356 857 1440 cultusque
889 1357 1174 1434 delectat,
1202 1357 1472 1422 honores
1499 1322 1668 1436 irem,
1697 1378 1967 1441 quorum
1995 1357 2335 1439 cupiditate
2366 1360 2623 1441 quidam

292 1441 778 1520 inflammantur,
822 1464 1015 1525 quam
1041 1441 1225 1506 multi
1252 1443 1343 1506 ita
1373 1446 1794 1520 contemnunt,
1836 1445 1910 1505 ut
1952 1440 2111 1505 nihil
2151 1442 2418 1521 inanius,
2462 1444 2621 1508 nihil

210 1551 274 1598 15
295 1549 433 1591 esse
493 1527 694 1591 levius
755 1527 1129 1594 existiment.
1220 1525 1504 1610 Itemque
1559 1530 1791 1603 cetera,
1854 1548 2017 1609 quae
2072 1526 2451 1609 quibusdam
2513 1529 2621 1593 ad·

292 1611 608 1676 mirabilia
651 1611 957 1690 videntur,
999 1611 1297 1695 permulti
1342 1615 1489 1675 sunt
1533 1612 1644 1696 qui
1669 1631 1785 1694 pro
1830 1609 2028 1674 nihilo
2072 1615 2311 1693 putent,
2356 1614 2432 1677 de
2468 1614 2624 1677 ami-

294 1697 446 1760 citia
487 1717 704 1761 omnes
749 1696 830 1760 ad
871 1718 1068 1761 unum
1093 1696 1264 1760 idem
1307 1696 1605 1773 sentiunt,
1651 1700 1714 1758 et
1756 1695 1819 1773 ii,
1864 1695 1975 1779 qui
2018 1697 2098 1759 ad
2136 1717 2273 1759 rem
2301 1697 2624 1780 publicam

296 1803 364 1845 se
416 1780 844 1859 contulerunt,
898 1784 964 1845 et
1005 1780 1075 1859 ii,
1128 1780 1238 1864 qui
1279 1802 1493 1845 rerum
1546 1780 1905 1865 cognitione
1959 1779 2367 1862 doctrinaque
2421 1782 2622 1847 delec-

293 1870 527 1944 tantur,
571 1869 636 1929 et
677 1865 741 1945 ii,
784 1865 893 1948 qui
937 1887 1122 1930 suum
1162 1865 1489 1950 negotium
1532 1867 1763 1949 gerunt
1805 1864 2005 1942 otiosi,
2046 1869 2364 1947 postremo
2407 1867 2469 1943 ii,
2512 1868 2624 1949 qui

208 1974 276 2024 20
295 1972 363 2015 se
392 1954 561 2014 totos
588 1950 983 2014 tradiderunt
1010 1950 1456 2034 voluptatibus,
1497 1950 1632 2013 sine
1661 1948 1935 2013 amicitia
1968 1948 2164 2013 vitam
2193 1971 2326 2015 esse
2369 1950 2621 2028 nullam,

296 2036 350 2100 si
392 2034 578 2099 modo
623 2034 819 2098 velint
872 2033 1083 2117 aliqua
1135 2057 1212 2099 ex
1260 2039 1441 2117 parte
1482 2032 1831 2098 liberaliter
1879 2033 2108 2097 vivere.
2194 2031 2402 2117 Serpit
2454 2036 2621 2100 enim
2638 2042 2700 2091 8⁷

295 2119 509 2183 nescio
556 2140 681 2203 quo
725 2118 915 2183 modo
959 2140 1074 2203 per
1124 2120 1404 2183 omnium
1455 2119 1620 2182 vitas
1674 2117 1948 2181 amicitia
1998 2139 2116 2182 nec
2159 2117 2354 2182 ullam
2398 2122 2621 2185 aetatis

297 2203 617 2302 degendae
678 2202 986 2267 rationem
1036 2204 1276 2287 patitur
1327 2225 1462 2267 esse
1519 2206 1840 2286 expertem
1892 2202 2006 2267 sui.
2102 2201 2263 2277 Quin
2326 2204 2517 2269 etiam
2568 2207 2624 2269 si

297 2310 440 2373 quis
484 2288 823 2371 asperitate
867 2309 942 2352 ea
985 2292 1082 2351 est
1124 2292 1188 2352 et
1229 2287 1600 2352 inmanitate
1643 2291 1932 2365 naturae,
1978 2308 2350 2371 congressus
2394 2293 2467 2352 ut
2507 2288 2621 2352 ho-

211 2398 277 2446 25
294 2374 538 2438 minum
595 2372 805 2457 fugiat
864 2374 1054 2455 atque
1117 2372 1344 2451 oderit,
1405 2371 1661 2455 qualem
1719 2371 1913 2435 fiiisse
1973 2370 2239 2436 Athenis
2290 2371 2620 2437 Timonem

295 2458 509 2523 nescio
539 2478 729 2540 quem
757 2456 1128 2540 accepimus,
1170 2460 1384 2521 tamen
1410 2456 1465 2520 is
1492 2456 1629 2540 pati
1656 2477 1783 2519 non
1810 2457 2028 2539 possit,
2070 2460 2143 2519 ut
2170 2477 2300 2520 non
2328 2458 2621 2540 anquirat

297 2543 590 2626 aliquem,
636 2542 804 2625 apud
846 2563 1036 2625 quem
1081 2545 1331 2605 evomat
1371 2541 1545 2605 virus
1588 2540 1949 2605 acerbitatis
1994 2561 2161 2604 suae.
2246 2539 2458 2625 Atque
2501 2540 2622 2606 hoc

297 2627 568 2692 maxime
611 2626 1023 2703 iudicaretur,
1073 2625 1129 2690 si
1178 2626 1332 2709 quid
1380 2625 1511 2689 tale
1562 2629 1781 2708 posset
1831 2625 2218 2708 contingere,
2268 2630 2340 2688 ut
2394 2625 2621 2708 aliquis

296 2734 412 2776 nos
457 2711 608 2775 deus
663 2732 740 2773 ex
791 2709 911 2773 hac
962 2709 1291 2774 hominum
1342 2709 1700 2794 frequentia
1748 2709 2001 2773 tolleret
2052 2713 2116 2772 et
2164 2710 2232 2772 in
2284 2710 2620 2776 solitudine

213 2822 278 2870 ⁸⁰
296 2797 545 2946 ἓέῑέἰζῗῗ
569 2794 931 2944 azzi-3³31?
960 2793 1807 2961 atffssffanitssfflitffi
1836 2794 2119 2941 ffiffi
2164 2815 2415 2942 {333
2458 2816 2620 2963 {³33⁸

299 2966 504 3031 ciendi
562 2928 939 3048 potestatem
1000 2965 1282 3046 eriperet.
1369 2962 1521 3039 Quis
1580 2967 1714 3026 tam
1766 2967 1933 3027 esset
1983 2963 2252 3040 ferreuS,
2313 2963 2423 3045 qui
2481 2985 2621 3027 eam

297 3052 496 3115 vitam
536 3049 703 3113 ferre
744 3051 977 3132 posset,
1021 3048 1247 3130 cuique
1275 3070 1403 3112 non
1444 3046 1721 3111 auferret
1747 3047 2020 3111 fructum
2050 3047 2446 3129 voluptatum
2488 3070 2618 3112 om-

298 3135 475 3199 nium
503 3133 816 3198 solitudo?
886 3131 1129 3197 Verum
1159 3153 1310 3217 ergo
1339 3131 1498 3195 illud
1528 3135 1639 3210 est,
1682 3132 1857 3217 quod
1884 3154 1922 3195 a
1950 3131 2291 3196 Tarentino
2319 3130 2619 3215 Archyta,
2637 3147 2702 3196 88

215 3246 279 3295 85
297 3224 372 3284 ut
422 3219 670 3302 opinor,
723 3218 845 3281 dici
897 3216 1152 3281 solitum
1203 3220 1453 3281 nostros
1505 3237 1684 3280 senes
1738 3237 2223 3280 commemorare
2277 3216 2487 3280 audivi
2539 3217 2619 3280 ab

300 3305 440 3368 aliis
513 3302 766 3367 senibus
839 3302 1150 3366 auditum:
1225 3290 1314 3366 ‘si
1394 3301 1559 3385 quis
1630 3301 1705 3365 in
1786 3299 2074 3364 caelum
2154 3301 2621 3364 ascendisset

297 3392 795 3471 naturamque
866 3386 1118 3451 mundi
1191 3391 1264 3451 et
1333 3385 1984 3470 pulchritudinem
2056 3385 2381 3449 siderum
2452 3407 2621 3468 per·

298 3473 700 3556 spexisset,
751 3472 1135 3535 insuavem
1184 3470 1395 3535 illam
1449 3469 2016 3533 admirationem
2070 3469 2137 3533 ei
2186 3469 2374 3544 fore3
2430 3491 2621 3552 quae

296 3556 839 3622 iucundissima
896 3556 1197 3633 fuisset,
1256 3555 1321 3619 si
1378 3554 1725 3638 aliquem,
1784 3554 1902 3617 cui
1960 3557 2326 3630 narraret,
2382 3552 2622 3618 habu-

212 3670 279 3718 «10
295 3643 361 3707 is
376 3629 522 3706 set.³
613 3639 717 3705 Sic
761 3644 990 3705 natura
1031 3639 1378 3720 solitarium
1422 3638 1583 3702 nihil
1624 3642 1797 3702 amat
1829 3659 2199 3721 semperque
2242 3638 2322 3702 ad
2365 3638 2624 3721 aliquod

295 3730 621 3808 tamquam
683 3725 1130 3790 adminiculum
1191 3724 1514 3801 adnititur;
1577 3723 1750 3806 quod
1805 3723 1873 3786 in
1933 3722 2311 3786 amicissimo
2364 3744 2616 3807 quoque

300 3811 732 3875 dulcissimum
784 3814 896 3875 est.
991 3808 1116 3874 Sed
1169 3815 1332 3873 cum'
1368 3812 1466 3872 tot
1518 3807 1713 3892 signis
1776 3806 1994 3871 eadem
2047 3812 2274 3871 natura
2327 3806 2618 3885 declaret,
2632 3804 2704 3862 24

2216 3902 2287 3954 4*
