3009 4259
446 196 523 251 vl
1410 197 1830 255 PRAEFATIO.

622 370 788 430 Inter
831 370 994 431 Laeli
1051 372 1284 432 codices
1336 373 1883 448 praestantissimus
1940 375 2033 432 est
2073 372 2378 432 Parisinus
2424 372 2548 448 (P),
2603 391 2783 449 quem

447 472 561 532 Th.
619 473 948 534 Mommsen
1004 474 1161 550 apud
1212 474 1501 532 Didotum
1552 475 1780 533 invenit
1832 477 1893 534 et
1943 474 2007 532 in
2056 492 2262 534 museo
2306 474 2588 533 Rhenano
2643 475 2789 548 (vol.

449 573 668 633 XVIII.
699 594 758 650 p.
793 572 1155 651 594—601)
1189 576 1531 652 descripsit3
1564 576 1850 652 scriptum
1884 594 2019 634 eum
2055 578 2257 636 censet
2285 576 2521 634 saeculo
2552 574 2783 635 decimo

445 677 544 735 vel
608 676 861 735 fortasse
919 680 1170 736 exeunte
1225 695 1401 737 nono.
1499 677 1656 735 Eum
1714 677 1899 754 igitur
1956 677 2334 755 potissimum
2395 680 2456 737 et
2505 678 2783 737 Baiterus

446 779 512 836 et
557 776 619 836 G.
668 777 737 837 F.
764 778 880 835 .W.
936 778 1260 837 Muellerus
1316 779 1508 838 secuti
1570 781 1736 848 sunt,
1793 797 2049 854 cumque
2100 778 2373 838 Baiterus
2428 796 2498 836 ea
2549 782 2783 837 tantum

451 878 859 952 adhibuisset,
925 898 1074 954 quae
1127 879 1457 938 Mommsen
1517 878 1743 955 publici
1791 880 1940 939 iuris
1992 880 2243 951 fecerat,
2305 879 2593 939 Muellero
2653 880 2787 956 ipsa

455 980 810 1039 Mommseni
854 980 1172 1040 collatione
1225 981 1318 1039 uti
1359 980 1533 1040 licuit
1585 1000 1831 1057 eamque
1874 982 1936 1039 in
1981 981 2358 1040 adnotatione
2413 981 2617 1041 critica
2660 981 2781 1040 edi·

450 1082 632 1142 tionis
690 1081 1131 1142 Teubnerianae
1190 1082 1601 1159 transcripsit„
1680 1082 1827 1142 Cum
1881 1067 2150 1143 Parisino
2200 1083 2583 1142 multifariam
2645 1101 2782 1142 con·

448 1183 635 1242 sentit
678 1183 834 1243 liber
859 1184 1373 1260 Monacensis-(M)
1420 1203 1573 1244 saec.
1604 1184 1698 1257 X„
1729 1175 1804 1243 'in
1838 1204 2017 1259 quem
2044 1184 2318 1244 Halmius
2348 1183 2488 1269 post
2514 1184 2784 1244 Laelium

449 1284 572 1344 iam
632 1284 858 1344 editum
917 1286 1152 1357 incidit3
1207 1286 1268 1344 in
1331 1305 1402 1346 eo
1454 1286 1694 1345 Laelius
1748 1286 2007 1361 scriptus
2062 1289 2157 1346 est
2206 1286 2345 1346 inde
2398 1305 2434 1345 a
2495 1305 2623 1362 cap.
2684 1284 2782 1346 12.

450 1385 617 1456 Quae
665 1405 735 1446 ex
788 1405 858 1447 eo
902 1390 1151 1463 praesto
1182 1387 1453 1465 fuerunt,
1508 1388 1593 1447 eis
1637 1389 1778 1463 post
1819 1381 2123 1447 Baiterum
2165 1388 2488 1446 Muellerus
2545 1406 2784 1463 quoque

452 1505 601 1547 usus
648 1491 756 1548 est.
843 1488 1115 1548 Halmius
1161 1488 1236 1546 ad
1273 1486 1546 1546 Laelium
1589 1488 2018 1547 recensendum
2063 1506 2167 1547 sex
2210 1488 2446 1548 codices
2492 1488 2786 1549 adhibuit:

451 1593 688 1667 praeter
731 1589 965 1650 codices
1009 1589 1206 1662 BSE,
1254 1590 1358 1664 qui
1404 1590 1584 1648 etiam
1616 1587 1894 1648 Catonem
1926 1588 2218 1652 Maiorem>
2257 1590 2587 1662 continent,
2633 1589 2786 1649 duos

450 1689 939 1751 vindobonenses
984 1691 1063 1764 (D
1112 1694 1172 1750 et
1214 1690 1322 1765 V),
1372 1692 1433 1749 et
1477 1689 1816 1749 Gudianum
1860 1708 2014 1750 saec.
2061 1690 2134 1749 X.
2171 1680 2307 1769 (G),
2351 1692 2674 1766 plurimum
2714 1710 2787 1751 ex

452 1792 538 1851 eis
582 1791 794 1851 merito
827 1790 1096 1851 Gudiano
1142 1791 1377 1851 tribuit.
1464 1789 1552 1850 Ne
1599 1790 1742 1866 quid
1797 1790 2193 1862 desideretur,
2240 1791 2668 1865 adnotandum,
2712 1793 2784 1851 *in

452 1893 586 1953 cod.
631 1892 679 1949 P
727 1892 960 1953 duobus
1016 1892 1176 1952 foliis
1231 1894 1443 1954 excisis
1488 1893 1694 1952 deesse
1741 1912 1891 1969 quae
1944 1894 2231 1970 leguntur
2280 1894 2417 1952 inde
2463 1914 2498 1953 a
2539 1912 2789 1969 magnas

450 1997 485 2068 ἓ
533 1992 612 2054 75
657 2013 849 2071 usque
909 1994 982 2052 ad
1027 2013 1099 2053 ne
1142 1995 1312 2052 etiam
1358 1996 1421 2053 in
1467 1997 1501 2068 ξ
1550 1990 1666 2065 78,,
1720 1998 1782 2054 et
1823 1994 1961 2053 inde
2006 2014 2041 2052 a
2075 2002 2329 2070 peccasse
2370 1997 2402 2068 ἓ
2458 1993 2539 2055 90
2591 2014 2787 2072 usque

452 2096 529 2156 ad
573 2096 643 2154 de
687 2094 954 2172 Scipione
997 2098 1029 2169 ἓ
1076 2094 1156 2157 96
1204 2095 1305 2171 (cf.
1352 2095 1701 2155 Mommsen.
1746 2095 1786 2155 1.
1832 2097 1930 2172 l.);
1982 2096 2192 2156 itidem
2244 2097 2305 2155 in
2350 2096 2479 2156 cod.
2525 2096 2581 2154 V
2631 2103 2784 2169 „uno

449 2197 595 2258 folio
653 2196 995 2273 deperdito“
1061 2197 1274 2257 desunt
1318 2216 1469 2274 quae
1515 2197 1771 2273 legimus
1823 2198 1960 2258 inde
2015 2198 2087 2257 ab
2142 2204 2253 2255 aut
2299 2198 2583 2272 dignitate
2623 2201 2657 2272 ἓ
2702 2196 2781 2257 71

450 2316 643 2373 usque
689 2298 763 2356 ad
808 2299 872 2366 in
925 2299 1156 2356 homine
1187 2299 1277 2376 fit
1314 2301 1346 2372 ἓ
1390 2294 1471 2359 81
1519 2298 1622 2375 (cf.
1670 2298 1863 2358 Halm.
1909 2298 1983 2358 ad
2026 2301 2059 2372 ἓ
2104 2299 2139 2359 ’ἲ
2150 2297 2231 2375 1).

627 2399 861 2459 Horum
906 2399 1175 2460 codicum
1218 2400 1524 2471 lectiones,
1572 2403 1864 2479 quatenus
1908 2400 1980 2459 de
2023 2400 2098 2460 iis
2142 2403 2391 2473 constat,
2435 2401 2498 2458 in
2542 2400 2783 2461 adnota-

449 2503 612 2563 tione
669 2502 873 2562 critica
935 2503 1019 2561 eis
1071 2503 1218 2561 locis
1269 2502 1583 2580 proposui,
1648 2502 1864 2577 quibus
1927 2502 1999 2561 de
2050 2521 2191 2561 vera
2241 2502 2535 2580 scriptura
2586 2503 2789 2580 aliqua

449 2605 673 2663 restare
731 2604 923 2678 possit
975 2603 1299 2675 dubitatio,
1363 2604 1664 2663 nonnullis
1719 2604 1915 2675 etiam,
1980 2603 2227 2679 quibuS,
2286 2623 2648 2682 quamquam
2709 2604 2784 2664 de

449 2723 592 2765 vera
652 2704 950 2780 scriptura
992 2723 1110 2763 non
1159 2704 1501 2776 dubitatur,
1563 2707 1763 2763 tamen
1816 2725 1850 2763 a
1896 2705 2201 2764 codicibus
2247 2723 2426 2781 supra
2470 2705 2645 2766 dictis
2689 2707 2785 2766 de·

452 2806 725 2867 serimur.
814 2805 883 2862 In
930 2804 1151 2864 Catone
1195 2805 1418 2864 Maiore
1474 2804 1708 2865 codices
1761 2805 1960 2863 Halmi
2012 2804 2298 2864 PBERS
2350 2805 2611 2866 breviter
2669 2807 2784 2868 hoc

452 2908 652 2985 signo:
703 2925 771 2966 cc
817 2906 1262 2983 comprehendi3
1312 2906 1600 2966 editiones
1633 2903 1823 2983 (edd.)
1865 2908 2132 2983 intellegi
2158 2907 2296 2968 volo
2325 2906 2527 2967 Halmi
2570 2908 2781 2985 (Hm),

450 3009 675 3068 Baiteri
738 3007 915 3083 (Bt.),
980 3007 1251 3068 Muelleri
1312 3008 1495 3083 (Ml.);
1569 3008 1875 3067 Baiterum
1937 3008 2253 3084 separatim
2314 3027 2430 3068 non
2492 3009 2783 3108 appellavi

449 3110 565 3178 nisi
609 3110 714 3169 ubi
755 3109 936 3168 lectio
983 3108 1058 3168 ab
1113 3128 1180 3168 eo
1235 3109 1395 3170 edita
1428 3111 1672 3169 =diversa
1724 3114 1813 3169 est
1857 3109 1929 3168 ab
1973 3110 2329 3170 lectionibus
2375 3113 2436 3169 et
2476 3110 2676 3169 Halmi
2721 3115 2785 3170 et

448 3211 739 3271 Muelleri.

623 3311 695 3374 In
739 3312 1165 3375 vocabulorum
1198 3312 1643 3384 scribendorum
1681 3314 1909 3373 ratione
1937 3316 2183 3390 propter
2208 3331 2387 3372 usum
2425 3313 2781 3386 scholarum,

449 3415 547 3474 cui
599 3414 887 3473 editiones
942 3414 1053 3474 hae
1106 3415 1422 3490 praecipue
1478 3418 1622 3473 sunt
1677 3414 2032 3485 destinatae,
2060 3413 2148 3473 'id
2193 3414 2307 3491 egi,
2339 3419 2411 3474 ut
2460 3415 2521 3473 in
2567 3414 2780 3473 eodem

447 3515 740 3575 vocabulo
787 3514 1188 3574 diversitatem
1234 3516 1564 3590 scripturae
1609 3534 1728 3575 non
1760 3515 2151 3575 admitterem.
2230 3514 2460 3585 Quibus
2504 3515 2690 3593 igitur
2716 3517 2782 3574 in

447 3615 626 3675 rebus
673 3616 885 3691 optimi
905 3615 1141 3675 codices
1173 3615 1288 3674 sibi
1307 3621 1578 3675 constare
1610 3615 1978 3688 videbantur,
2022 3635 2141 3675 non
2174 3615 2445 3677 dubitavi
2463 3634 2563 3676 eos
2609 3618 2783 3692 sequi

449 3717 779 3794 scripsique
809 3717 1208 3790 benivolentia,
1251 3716 1413 3775 Fabi
1436 3736 1547 3793 pro
1578 3716 1775 3790 Fabii,
1819 3718 2163 3791 inmortalis,
2191 3718 2544 3789 adsentator,
2584 3719 2789 3776 existit

452 3822 595 3891 cet.;
649 3818 755 3878 ubi
797 3836 938 3878 vero
986 3817 1221 3877 codices
1273 3818 1401 3877 aliis
1444 3818 1596 3878 locis
1649 3817 1792 3877 alias
1835 3817 2123 3894 praebent
2164 3818 2593 3878 vocabulorum
2646 3838 2786 3896 spe-
