3009 4259
1125 1110 1651 1201 PRAEFATIO.

393 1565 464 1626 In
511 1565 810 1627 Ciceronis
857 1565 1076 1626 Catone
1118 1566 1343 1626 Maiore
1397 1566 1593 1626 adhuc
1647 1583 1916 1626 caremus
1966 1565 2318 1625 adiumentis
2332 1612 2347 1639 ,
2403 1583 2554 1643 quae

223 1669 313 1729 rei
368 1668 608 1728 criticae
663 1673 884 1729 certam
934 1669 1258 1745 praebeant
1297 1685 1593 1740 normam,
1648 1669 1725 1727 ad
1778 1687 1957 1745 quam
2002 1667 2307 1743 dirigatur.
2394 1665 2558 1727 Inter

228 1770 380 1830 duos
429 1770 584 1828 enim
631 1769 864 1829 codices
908 1770 1114 1830 multis
1165 1770 1314 1829 locis
1360 1765 1813 1845 disceptandum
1856 1773 1972 1842 est,
2019 1770 2149 1845 qui,
2198 1787 2557 1846 quamquam

228 1872 360 1948 pari
417 1871 541 1930 fere
587 1873 729 1929 sunt
783 1874 843 1930 et
886 1873 1080 1930 aetate
1133 1875 1195 1931 et
1236 1870 1528 1941 bonitate,
1581 1872 1781 1929 tamen
1831 1870 1995 1929 haud
2045 1889 2179 1930 raro
2238 1870 2560 1929 notabilem

229 1973 509 2057 exhibent
561 1972 836 2032 lectionis
890 1972 1359 2047 discrepantiam.
1443 1971 1526 2030 Hi
1572 1976 1729 2032 sunt'
1756 1972 2068 2031 ‘Parisinus
2112 1972 2210 2047 (P)
2256 1990 2407 2031 saec.
2463 1971 2557 2046 X„

235 2094 415 2150 quem
459 2072 731 2133 Halmius
783 2073 846 2131 in
891 2071 1192 2133 Ciceronis
1247 2073 1506 2131 editione
1554 2072 1860 2132 Turicensi
1914 2073 2100 2132 altera
2147 2073 2319 2149 plene
2369 2076 2558 2132 trans-

231 2175 506 2251 scripsit,
552 2178 615 2234 et
655 2174 964 2234 Leidensis
1009 2173 1110 2249 (L)
1164 2174 1432 2233 eiusdem
1475 2175 1713 2247 aetatiS,
1760 2193 1793 2231 e
1847 2192 1966 2249 quo
2010 2173 2228 2233 multas
2278 2174 2561 2234 lectiones

232 2276 552 2353 proposuit
611 2275 721 2335 Th.
784 2275 1114 2335 Mommsen
1174 2276 1237 2333 in
1299 2265 1444 2335 actis
1515 2275 1678 2335 acad.
1753 2275 1958 2335 scient.
2020 2275 2214 2334 Berol.
2276 2295 2333 2336 a.
2399 2273 2562 2337 1863

231 2398 293 2454 p.
330 2375 597 2447 10—21,
634 2376 866 2453 aliquot
884 2376 1062 2435 etiam
1092 2380 1399 2451 praeterea
1416 2375 1752 2453 Lahmeyer
1778 2376 1841 2434 in
1872 2376 2170 2452 Philologi
2197 2377 2314 2435 vol.
2345 2376 2561 2435 ΧΧΠΙ.

196 2482 292 2555 'p.
356 2476 715 2539 473—477
785 2481 847 2537 et
916 2475 1288 2539 479—481.
1384 2478 1473 2536 Ex
1536 2476 1839 2537 codicibus
1902 2476 1975 2535 ab
2036 2477 2271 2535 Halmio
2331 2483 2567 2553 praeter

237 2578 576 2639 Parisinum
621 2578 883 2638 excussis
938 2579 1002 2638 in
1048 2578 1428 2638 adnotatione
1476 2578 1683 2638 critica
1738 2578 1914 2653 posui
1958 2577 2108 2637 duos
2162 2577 2564 2650 MonacenseS,

244 2700 504 2756 quorum
565 2681 716 2740 alter
775 2681 895 2739 fuit
954 2680 1094 2739 olim
1137 2679 1727 2739 Benedictoburanus
1788 2678 1917 2753 (B),
1989 2698 2143 2739 saec.
2203 2679 2357 2752 XH„
2421 2682 2570 2740 alter

240 2782 589 2841 monasterii
635 2780 1098 2858 Salisburgensis
1143 2782 1218 2840 ad
1263 2780 1323 2842 S.
1353 2782 1601 2840 Petrum
1647 2780 1759 2856 (S),
1806 2798 1955 2840 saec.
1987 2780 2117 2851 XI.;
2162 2781 2568 2842 Erfurtensem

241 2883 359 2958 (E),
408 2882 513 2958 qui
555 2902 712 2941 nunc
757 2882 1018 2948 Berolini
1062 2875 1402 2941 asservatur
1444 2900 1740 2958 quemque
1783 2880 1889 2939 ubi
1931 2882 2329 2940 necessarium
2372 2872 2570 2942 visum

239 2991 336 3044 est
400 2984 665 3062 <inspexi3
737 2984 1254 3060 Rhenaugiensem
1316 2982 1444 3059 (R),
1521 3001 1701 3057 quem
1771 2981 2042 3040 Halmius
2116 2984 2351 3042 sacculo
2422 2983 2567 3042 duo·

241 3065 495 3157 decimo,
535 3084 813 3143 Baiterus
848 3085 1057 3159 quinto
1098 3084 1327 3144 decimo
1360 3084 1652 3158 scriptum
1688 3082 1852 3142 dicit.
1943 3080 2181 3142 Nullius
2225 3084 2405 3159 pretii
2434 3089 2575 3145 sunt

238 3186 315 3245 ad
363 3184 661 3244 Ciceronis
704 3184 888 3244 verba
932 3181 1351 3245 conformanda
1392 3185 1593 3243 Halmi
1647 3184 1773 3243 cod.
1819 3183 2220 3256 Monacensis,
2276 3186 2380 3261 qui
2434 3187 2574 3246 olim

239 3287 361 3346 fuit
402 3285 921 3346 Indersdorfiensis
965 3285 1063 3361 (Ι),
1112 3304 1264 3346 saec.
1310 3285 1493 3357 xm„
1543 3289 1604 3344 et
1643 3285 1870 3345 Baiteri
1913 3269 2383 3361 Rhenaugie'nsis
2427 3288 2577 3347 alter

243 3407 400 3459 saec.
434 3387 566 3446 XII.
601 3386 723 3463 (Q),
758 3387 927 3447 cuius
956 3388 1008 3446 is
1037 3388 1100 3445 in
1127 3387 1343 3447 Philol.
1374 3388 1496 3447 vol.
1529 3386 1684 3444 XXI.
1715 3406 1775 3462 p.
1795 3384 2129 3447 536—539
2163 3387 2574 3469 01:3375-679

234 3490 444 3566 plenas
477 3489 796 3571 proposuit
811 3487 1115 3548 lectiones.
1185 3487 1300 3558 Qui
1320 3488 1504 3548 codex
1522 3488 1649 3564 sip.
1675 3485 1733 3560 6,
1766 3486 1846 3547 25
1879 3487 2135 3562 (septimo
2164 3488 2377 3547 decimo
2393 3492 2578 3566 anno)

232 3609 441 3650 veram
477 3589 723 3664 praebet
753 3590 1128 3665 scripturam,
1157 3589 1272 3650 hoc
1301 3607 1420 3648 non
1452 3590 1580 3648 eius
1603 3587 1856 3647 bonitati
1883 3588 2284 3661 tribuendum,
2319 3591 2423 3650 sed
2443 3611 2577 3651 con-

237 3691 530 3750 iecturae.
608 3691 915 3750 Parisinus
937 3691 1156 3750 desinit
1198 3686 1333 3763 §78
1378 3690 1549 3766 (quin
1593 3691 1719 3765 ex);
1762 3690 1900 3773 inde
1946 3710 1981 3749 a
2023 3687 2156 3763 §80
2199 3692 2585 3767 (perspicuum

236 3795 351 3868 est)
382 3792 659 3853 Halmius
693 3793 873 3853 etiam
900 3792 1298 3868 fragmentum
1327 3792 1556 3852 vetusti
1587 3791 1805 3852 codicis
1824 3791 2142 3852 Beruensis
2173 3793 2445 3852 adhibuit
2462 3793 2581 3868 (N).

2921 4107 2956 4204 ἰ
