3009 4259
377 166 462 231 50
1133 161 1440 218 LAEmns
1476 160 1573 216 nn
1609 161 1961 217 AmcrrlA.

383 334 490 410 sit,
553 338 618 399 et
662 337 896 401 amicos
955 338 1283 418 tamquam
1324 334 1599 417 pecudes
1660 354 1768 398 eos
1817 333 2216 416 potissimum
2276 332 2573 418 diligunt,
2636 355 2722 398 ex

178 431 185 438 ’
296 439 362 488 80
383 418 611 501 quibus
655 424 912 505 sperant
953 441 1020 484 se
1062 419 1408 483 maximum
1439 417 1715 482 fructum
1744 439 1877 482 esse
1908 423 2216 501 capturos.
2300 415 2402 483 Ita
2427 417 2722 503 pulcher—

379 504 542 567 rima
582 502 695 570 illa
737 509 802 569 et
842 504 1116 568 maxime
1170 503 1440 567 naturali
1484 506 1702 567 carent
1755 503 2031 568 'amicitia
2080 525 2196 586 per
2238 524 2306 567 se
2350 506 2416 567 et
2455 506 2724 587 propter

382 610 450 651 se
496 590 774 670 expetita
831 610 949 653 nec
1007 588 1130 672 ipsi
1187 588 1309 652 sibi
1352 588 1640 670 exemplo
1692 592 1867 666 sunt,
1925 586 2083 652 haec
2140 587 2234 651 vis
2278 587 2588 652 amicitiae
2649 592 2723 651 et

383 672 586 754 qualis
632 679 697 740 et
741 678 980 757 quanta
1022 673 1118 737 sit.
1204 669 1351 756 Ipse
1394 671 1563 736 enim
1605 693 1672 736 se
1717 672 1985 755 quisque
2030 671 2263 756 diligit,
2314 694 2442 736 non
2483 676 2557 736 ut
2600 671 2723 735 ali·
2758 695 2793 738 5

383 778 574 838 quam
616 782 655 823 a
697 781 765 823 se
823 759 957 841 ipse
1000 757 1351 821 mercedem
1403 757 1618 841 exigat
1677 757 1955 821 caritatis
1998 778 2174 835 suae,
2233 758 2345 821 sed
2388 757 2558 840 quod
2599 778 2723 840 per

384 863 451 905 se
495 842 617 909 sibi
661 844 925 928 quisque
969 863 1148 906 carus
1201 846 1314 907 est.
1399 840 1583 916 Quod
1625 841 1746 905 nisi
1795 840 1962 905 idem
2015 841 2083 905 in
2127 842 2469 905 amicitiam
2510 846 2719 905 trans-

382 926 638 1007 feretur,
680 950 864 992 verus
909 927 1147 991 amicus
1189 947 1537 1008 numquam
1577 924 1951 1008 reperietur;
1996 930 2094 989 est
2137 927 2305 990 enim
2347 927 2419 1003 is,
2464 926 2574 1011 qui
2618 929 2720 991 est

299 1025 357 1074 81
383 1014 710 1098 tamquam
754 1012 915 1077 alter
957 1011 1137 1075 idem.
1225 1009 1408 1086 Quod
1448 1011 1505 1075 si
1532 1009 1653 1074 hoc
1681 1015 1943 1094 apparet
1970 1010 2038 1074 in
2065 1010 2297 1089 bestiis,
2339 1010 2720 1088 volucribuS,

383 1099 698 1176 nantibus,
742 1096 1114 1182 agrestibus,
1157 1095 1488 1169 cicuribuS,
1532 1095 1699 1172 feris,
1742 1095 2015 1178 primum
2043 1099 2117 1159 ut
2145 1117 2212 1159 se
2240 1095 2415 1180 ipsae
2446 1095 2721 1180 diligant
2745 1122 2813 1170 10

385 1179 475 1260 (id
518 1184 685 1248 enim
725 1181 963 1266 pariter
1004 1202 1149 1244 cum
1193 1180 1365 1244 omni
1398 1180 1717 1244 animante
1758 1180 2084 1262 nascitur),
2128 1180 2350 1245 deinde
2391 1184 2466 1244 ut
2506 1179 2722 1263 requi-

383 1273 527 1333 rant
570 1272 762 1351 atque
792 1266 1118 1350 adpetant,
1162 1264 1243 1328 ad
1284 1285 1444 1347 quas
1473 1286 1541 1328 se
1588 1264 1920 1348 adplicent,
1966 1265 2243 1330 eiusdem
2286 1265 2536 1350 generis
2580 1266 2720 1329 ani-

383 1356 644 1430 mantes,
687 1351 877 1435 idque
922 1349 1162 1414 faciunt
1188 1370 1334 1414 cum
1364 1349 1670 1413 desiderio
1716 1352 1781 1412 et
1823 1370 1967 1413 cum
2002 1349 2278 1432 quadam
2307 1349 2721 1414 similitudine

385 1435 933 1534 amorisbumani,
977 1436 1214 1583 qluanto
1257 1433 1324 1497 id
1365 1434 1573 1530 magis
1599 1433 1667 1497 in
1708 1432 1963 1531 homine
1996 1433 2075 1531 iit
2113 1439 2357 1532 natura,
2400 1435 2511 1517 qui
2554 1438 2620 1523 et
2647 1456 2721 1498 se

300 1521 804 1684 affioefflgssss
852 1522 1586 1686 {tassffssssnfflffi
1596 1538 2204 1668 ’θῗᾶἓίυὲἓῗωέῒὲ
2246 1523 2543 1687 ῗῐέήζῖῗ
2572 1541 2721 1688 Ρῗὶῗ
2745 1547 2811 1596 ¹⁵

301 1672 365 1721 ⁸²
384 1712 580 1768 verse,
621 1713 701 1755 ne
731 1688 934 1753 dicam
959 1687 1373 1770 impudenter,
1414 1686 1651 1751 habere
1688 1686 1881 1751 talem
1925 1688 2194 1753 amicum
2221 1688 2456 1766 volunt,
2499 1688 2724 1772 quales

384 1776 510 1860 ipsi
553 1796 688 1839 esse
732 1794 859 1838 non
900 1775 1191 1855 possunt,
1252 1792 1538 1855 quaeque
1590 1771 1712 1854 ipsi
1755 1792 1884 1835 non
1926 1773 2214 1837 tribuunt
2257 1774 2498 1851 amicis,
2559 1773 2722 1837 haec

387 1861 468 1924 ab
510 1860 589 1923 iis
652 1858 1026 1923 desiderant.
1111 1855 1239 1920 Par
1299 1860 1397 1921 est
1457 1860 1671 1920 autem
1721 1856 1995 1938 primum
2055 1858 2265 1940 ipsum
2316 1879 2454 1923 esse
2513 1859 2722 1921 virum

387 1946 639 2021 bonum,
682 1948 822 2007 tum
866 1941 1133 2007 alterum
1162 1940 1430 2005 similem
1471 1940 1570 2004 sui
1599 1961 1919 2023 quaerere.
2004 1940 2080 2005 In
2114 1942 2345 2006 talibus
2390 1964 2482 2022 ea,
2525 1964 2720 2026 quam
2741 1973 2811 2020 20

385 2031 514 2094 iam
558 2027 794 2092 dudum
822 2030 1186 2104 tractamus,
1231 2025 1545 2089 stabilitas
1577 2024 1889 2089 amicitiae
1920 2026 2276 2090 confirmari
2302 2032 2531 2111 potest,
2573 2049 2722 2092 cum

384 2113 670 2178 homines
713 2110 1137 2176 benivolentia
1180 2109 1495 2174 coniuncti
1537 2110 1811 2193 primum
1853 2110 2299 2194 cupiditatibus
2340 2111 2447 2192 iis,
2488 2112 2722 2195 quibus

390 2199 581 2263 ceteri
623 2196 930 2274 serviunt,
971 2195 1390 2278 imperabunt,
1444 2194 1669 2258 deinde
1715 2195 2029 2277 aequitate
2071 2196 2437 2280 iustitiaque
2481 2198 2722 2282 gaude-

387 2284 563 2360 bunt,
609 2282 945 2365 omniaque
990 2279 1150 2344 alter
1190 2300 1305 2363 pro
1349 2279 1546 2344 altero
1592 2279 1906 2363 suscipiet,
1949 2302 2154 2364 neque
2198 2281 2537 2365 quicquam
2578 2304 2722 2346 um—

387 2390 580 2452 quam
621 2367 741 2431 nisi
782 2365 1116 2431 honestum
1159 2369 1224 2428 et
1264 2368 1506 2428 rectum
1537 2363 1697 2428 alter
1739 2364 1818 2427 ab
1864 2363 2061 2429 altero
2102 2366 2467 2449 postulabit,
2511 2388 2720 2450 neque
2742 2397 2807 2444 25

388 2452 592 2520 solum
650 2451 859 2516 colent
915 2451 1081 2514 inter
1124 2470 1192 2513 se
1244 2470 1319 2513 ac
1362 2448 1652 2533 diligent,
1714 2448 1825 2512 sed
1867 2449 2057 2513 etiam
2107 2451 2514 2528 verebuntur3
2567 2474 2721 2516 nam

387 2537 731 2601 maximum
791 2539 1228 2599 ornamentum
1289 2533 1602 2597 amicitiae
1654 2532 1843 2610 tollit,
1904 2534 2014 2618 qui
2066 2555 2144 2598 ex
2188 2556 2263 2598 ea
2322 2534 2491 2599 tollit
2539 2558 2721 2601 vere—

303 2634 366 2682 83
389 2621 696 2686 cundiam.
784 2618 1009 2702 Itaque
1069 2618 1136 2681 in
1192 2617 1271 2681 iis
1332 2618 1717 2701 perniciosus
1768 2622 1864 2681 est
1925 2638 2123 2696 error,
2183 2620 2296 2702 qui
2356 2620 2721 2685 existimant

385 2705 719 2770 libidinum
761 2707 1291 2787 peccatorumque
1346 2701 1627 2765 omnium
1678 2705 1893 2785 patere
1943 2703 2011 2766 in
2055 2703 2330 2767 amicitia
2371 2703 2717 2784 licentiam3

383 2791 688 2856 virtutum
732 2786 1008 2852 amicitia
1037 2786 1311 2849 adiutrix
1340 2808 1378 2849 a
1405 2790 1632 2849 natura
1661 2787 1810 2850 data
1838 2791 1952 2865 est,
1993 2808 2120 2851 non
2149 2787 2448 2853 vitiorum
2484 2810 2719 2869 comes»,
2741 2820 2806 2867 30

384 2879 474 2954 ut,
517 2872 815 2957 quoniam
845 2870 1122 2935 solitaria
1150 2892 1278 2934 non
1305 2874 1519 2953 posset
1560 2870 1761 2933 virtus
1806 2870 1887 2934 ad
1921 2892 2013 2948 ea,
2057 2893 2219 2954 quae
2265 2895 2509 2937 summa
2551 2879 2719 2953 sunt,

384 2958 727 3044 pervenire,
770 2955 1105 3020 coniuncta
1148 2959 1212 3019 et
1254 2954 1613 3018 consociata
1655 2976 1798 3018 cum
1841 2955 2040 3019 altera
2082 2957 2451 3039 perveniret.
2539 2957 2717 3033 Quae

387 3045 441 3108 si
484 3062 641 3126 quos
682 3042 851 3105 inter
892 3039 1160 3103 societas
1206 3043 1315 3103 aut
1356 3043 1454 3103 est
1496 3044 1609 3104 aut
1635 3039 1760 3103 fuit
1802 3044 1914 3103 aut
1955 3039 2172 3104 futura
2215 3046 2326 3119 est,
2370 3063 2588 3106 eorum
2617 3048 2719 3108 est

383 3126 709 3192 habendus
769 3125 849 3189 ad
900 3146 1214 3188 summum
1254 3129 1518 3188 naturae
1576 3124 1814 3188 bonum
1856 3125 2132 3208 optimus
2171 3125 2704 3212 beatissimusque

302 3224 367 3272 84
386 3212 737 3276 comitatus.
823 3208 1000 3272 Haec
1060 3211 1178 3287 est,
1237 3209 1524 3290 inquam,
1582 3210 1849 3273 societas
1908 3209 1975 3272 in
2068 3231 2151 3273 ua
2212 3211 2422 3274 omnia
2481 3212 2718 3287 insunt,
2738 3244 2812 3291 35

386 3297 817 3461 {131⁹ssssssss
855 3292 2717 3446 ssssfflffase'‘35¹⁵ssssfflsshhflssssssbYdsiit⁰¹334ffiss¹ss¹1¹t⁰ff³s¹i¹ffssi

1210 3426 1225 3455 9

384 3465 515 3528 sine
558 3464 658 3528 his
703 3483 839 3526 esse
881 3483 1009 3525 non
1051 3462 1264 3545 possit.
1350 3460 1535 3536 Quod
1579 3483 1722 3526 cum
1752 3462 2058 3546 optimum
2102 3464 2572 3549 maximumque
2612 3466 2713 3544 sit,

387 3550 440 3612 si
481 3548 546 3611 id
588 3547 876 3611 volumus
938 3546 1223 3629 adipisci,
1281 3546 1502 3609 virtuti
1562 3566 1756 3629 opera
1799 3547 2004 3611 danda
2056 3552 2177 3625 est,
2238 3550 2372 3613 sine
2425 3571 2551 3634 qua
2593 3572 2713 3615 nec
2809 3613 2816 3618 .

386 3632 727 3696 amicitiam
768 3652 973 3714 neque
1014 3630 1214 3694 ullam
1254 3652 1391 3695 rem
1433 3632 1844 3713 expetendam
1888 3633 2187 3715 consequi
2228 3654 2589 3716 possumus3
2634 3657 2712 3699 ea
2731 3669 2811 3716 40

384 3738 534 3781 vero
577 3715 868 3799 neglecta
910 3715 1021 3799 qui
1049 3736 1114 3778 se
1158 3715 1391 3778 amicos
1418 3713 1653 3778 habere
1698 3716 2102 3793 arbitrantur,
2142 3721 2280 3780 tum
2324 3738 2391 3782 se
2436 3719 2709 3801 denique

385 3822 625 3865 errasse
689 3800 993 3876 sentiunt,
1054 3820 1194 3862 cum
1238 3819 1346 3862 eos
1393 3800 1605 3883 gravis
1667 3799 1898 3883 aliquis
1942 3821 2125 3863 casus
2188 3801 2459 3884 experiri
2520 3805 2708 3888 cogit
