3009 4259
954 1010 1046 1092 F.
1104 1008 1862 1093 RAMORINUS

1256 1177 1477 1273 .I·S·

404 1522 783 1608 Antequam
829 1519 1312 1607 pulcherrimos
1357 1521 1696 1590 Ciceronis
1741 1522 2040 1609 dialogos
2088 1521 2202 1608 qui
2246 1526 2402 1589 sunt
2447 1520 2530 1588 de

226 1632 598 1700 Senectute
644 1639 710 1700 et
756 1634 838 1699 de
883 1633 1233 1701 Amicitia
1277 1633 1348 1699 in
1392 1655 1601 1720 parvo
1646 1634 1776 1701 hoc
1822 1633 2157 1701 volumine
2209 1635 2529 1719 legendos

223 1741 526 1827 suscipiS‚
573 1740 854 1807 candide
877 1740 1123 1827 lector,
1170 1741 1300 1808 hoc
1347 1746 1410 1809 te
1455 1741 1783 1809 monitum
1838 1742 2009 1825 volo,
2067 1742 2244 1808 hanc
2303 1742 2527 1808 tullia·
2618 1750 2642 1772 '

222 1871 458 1917 norum
517 1850 892 1917 libellorum
954 1850 1406 1917 recensionem
1467 1851 1733 1937 qualem
1779 1851 1968 1918 vides
2025 1852 2205 1939 typis
2259 1872 2528 1937 expres-

222 1979 390 2035 sam,
457 1958 668 2026 labori
729 1965 794 2025 et
852 1959 1029 2025 curis
1092 1958 1424 2027 Theodori
1481 1959 1817 2026 SGHIGHE
1877 1956 2339 2047 BerolinensiS‚
2398 1959 2528 2025 viri

223 2065 597 2149 clarissimi,
644 2074 985 2154 acceptam
1034 2088 1179 2134 esse
1240 2068 1685 2135 referendam.
1745 2065 1876 2151 Qui
1921 2068 2162 2154 quibus
2209 2066 2526 2134 subsidiis

221 2172 492 2240 innixus
531 2173 773 2240 edendi
808 2196 1078 2242 munere
1115 2176 1383 2241 functus
1414 2173 1523 2257 sit,
1559 2174 1705 2260 ipse
1743 2180 1807 2241 te
1845 2174 2109 2241 docebit
2151 2173 2221 2239 in
2257 2175 2525 2260 praefa-

220 2281 414 2347 tione.
459 2282 602 2368 Ego
654 2304 835 2365 vero,
885 2288 959 2348 ut
1003 2282 1350 2349 hominum
1398 2282 1669 2369 ingenia
1712 2281 1861 2368 ipsa
1889 2282 2210 2349 varietate
2246 2289 2526 2350 naturae

222 2391 308 2455 ad
353 2390 613 2457 variam
660 2390 986 2459 sentiendi
1020 2391 1344 2458 rationem
1393 2390 1715 2458 inclinant
1760 2396 1959 2477 atque
1995 2393 2420 2477 propendent,
2456 2391 2526 2457 in

218 2496 396 2564 hanc
432 2497 806 2584 opinionem
851 2498 1026 2582 veni,
1072 2497 1300 2566 multis
1345 2497 1416 2565 in
1449 2497 1616 2565 locis
1661 2500 1870 2565 verba
1906 2498 2247 2565 Ciceronis
2293 2522 2375 2566 ex
2411 2522 2525 2567 co-

221 2604 444 2672 dicum
489 2606 866 2674 testimonio
914 2606 1042 2673 alio
1089 2608 1379 2693 quodam
1426 2608 1625 2673 modo
1671 2606 2207 2674 reconcinnanda
2251 2629 2398 2675 esse
2446 2630 2525 2675 ac

159 2777 163 2782 .
219 2712 531 2781 Schichio
585 2714 854 2801 placuit.
926 2716 1278 2782 Praeterea
1342 2715 1446 2781 aio
1511 2715 1582 2781 in
1656 2715 1995 2782 codicibus
2054 2717 2524 2782 enumerandis

217 2822 464 2908 quibus
511 2823 784 2890 Catonis
828 2823 1126 2891 recensio
1167 2825 1304 2891 fere
1351 2823 1671 2906 innititur,
1721 2844 1854 2888 non
1886 2822 2095 2891 fuisse
2132 2844 2173 2889 a
2210 2824 2523 2891 Schichio

215 2931 840 3017 praetermittendos
885 2932 1088 2999 libros
1135 2935 1458 3019 quosdam
1525 2932 1814 3019 optimae
1874 2939 2068 3000 notae
2115 2932 2230 3019 qui
2274 2955 2316 2999 a
2360 2932 2523 3000 viris

217 3038 433 3108 doctis
465 3039 716 3126 passim
775 3039 1090 3126 descripti
1127 3046 1282 3107 sunt
1319 3047 1384 3107 et
1420 3040 1676 3122 collati3
1714 3040 1945 3127 quales
1980 3047 2166 3109 sunt:
2216 3044 2281 3127 a)
2315 3043 2523 3107 codex

217 3146 571 3215 vossianus
616 3148 728 3214 lat.
774 3171 840 3214 n.
881 3148 966 3214 79
1013 3148 1084 3214 in
1133 3148 1384 3216 bibliot.
1458 3149 1769 3216 Leidensi
1823 3155 2144 3233 servatUS‚
2189 3171 2364 3222 saec.
2403 3149 2522 3232 IX,

217 3256 301 3321 de
391 3277 522 3342 quo
622 3256 778 3323 vide
869 3278 1039 3343 quae
1119 3255 1532 3342 scripserunt
1615 3256 2006 3324 Gemollius
2083 3257 2155 3323 in
2234 3258 2523 3324 Hermae

215 3362 347 3432 vol.
393 3363 527 3429 XX
558 3363 788 3454 (1885)
839 3385 904 3450 p.
945 3364 1072 3430 331
1144 3371 1210 3432 et
1286 3366 1362 3431 B.
1427 3366 1649 3431 DAHL
1696 3364 1766 3431 in
1825 3386 2020 3451 opere
2091 3364 2200 3431 cui
2260 3365 2518 3438 titulus:

214 3467 365 3536 Zur·
391 3470 1205 3539 Handscliriftenkunde
1236 3473 1378 3538 und
1425 3473 1685 3539 Kritik
1731 3473 1854 3539 des
1888 3473 2024 3540 Cic.
2066 3471 2237 3540 Cato
2282 3474 2522 3539 Maior·

214 3577 647 3667 (Christiania
674 3579 1007 3665 -1885-6);
1054 3581 1117 3665 b)
1165 3580 1394 3647 Codex
1442 3580 2105 3648 Ashburnhamensis
2149 3604 2328 3647 nunc
2387 3582 2521 3647 Pa·-

209 3684 480 3768 risinuS‚
526 3708 701 3754 saec.
747 3688 866 3776 IX,
915 3710 1111 3774 quem
1158 3689 1664 3778 diligentissime
1720 3690 2012 3758 excussit
2061 3696 2126 3756 et
2170 3689 2522 3777 descripsit

210 3793 278 3866 S.
322 3793 404 3861 G.
443 3795 552 3861 DE
592 3797 828 3864 URIES
861 3797 1206 3886 (Lugduni
1251 3799 1682 3881 Batavorum,
1726 3798 1948 3887 1889);
1998 3799 2062 3890 c)
2096 3801 2304 3866 codex
2341 3800 2518 3866 Lau-

1238 3986 1676 4106 236162
