3009 4259
1124 607 1404 673 INDEX
1450 603 1882 674 LOOORUM

509 802 573 846 1N
612 800 841 860 QUIBUS*
873 803 915 846 A
954 801 1324 846 SOHICHIANA
1363 800 1626 845 CATONIS
1665 798 1745 842 ET
1783 797 1988 842 LAELII
2026 794 2410 841 RECENSIONE

926 943 1433 989 DISSENI'IE'NDUM
1470 942 1622 987 ESSE
1663 939 1984 985 ARBI‘I'ROR.

324 1357 473 1417 Cato
506 1358 719 1415 Maior.
761 1388 824 1399 —
852 1356 915 1418 P.
939 1357 974 1413 2
992 1357 1089 1414 lin.
1113 1357 1184 1414 20
1203 1375 1306 1433 pro
1343 1374 1411 1415 eo
1438 1357 1596 1433 quod
1621 1358 1711 1414 est
1736 1354 1880 1431 ipsi,
1908 1371 2119 1413 censeo
2144 1354 2464 1428 legendum
2494 1371 2627 1413 esse

465 1448 643 1523 ipsiS,
672 1450 747 1505 iis
786 1450 1151 1523 argumentis
1189 1449 1416 1506 innisus
1454 1466 1603 1523 quae
1642 1446 1889 1521 exposui
1924 1447 1985 1502 in
2011 1447 2423 1502 commentario
2460 1446 2639 1501 huius

463 1541 577 1596 loei
608 1540 760 1614 quod
795 1539 1016 1613 legitur
1053 1540 1114 1596 in
1150 1539 1555 1596 loeseheriana
1593 1538 1843 1595 editione
1880 1536 2137 1607 (Torin0‚
2178 1536 2356 1608 1887),
2395 1555 2447 1610 p.
2485 1536 2536 1593 6.

289 1627 384 1686 Ῥ.
423 1630 456 1685 3
493 1631 594 1686 lin.
635 1630 663 1685 1
704 1646 808 1703 pro
846 1646 914 1685 eo
952 1630 1106 1703 quod
1144 1633 1235 1686 est
1271 1629 1611 1703 discriptae
1658 1630 1791 1701 1636
1827 1628 1912 1684 sis
1947 1625 2314 1700 descriptae,
2352 1626 2457 1682 eir.
2497 1627 2633 1685 edit.

465 1720 905 1779 loeseherianae
943 1721 1367 1777 Adnotationes
1405 1738 1460 1794 p.
1499 1720 1552 1776 7.

318 1811 378 1867 P.
421 1812 487 1870 12
523 1813 624 1869 lin.
666 1814 730 1870 11
770 1831 875 1888 pro
913 1831 982 1870 eo
1020 1814 1173 1889 quod
1211 1816 1301 1871 est
1337 1813 1690 1870 morborum
1723 1811 1849 1869 vim
1879 1813 2015 1887 1636
2053 1812 2139 1870 sis
2164 1810 2466 1882 morbum,
2506 1828 2640 1868 eum

463 1903 625 1961 eodd.
663 1903 726 1960 P.
752 1905 824 1963 V.
863 1904 1040 1961 Laur.

317 1989 380 2049 P.
420 1990 491 2045 14
525 1992 628 2051 lin.
668 1992 696 2047 1
736 2009 840 2066 pro
860 2010 927 2049 eo
949 1992 1103 2067 quod
1132 1996 1224 2051 est
1242 1992 1645 2069 longinquior
1670 1992 1806 2066 1636
1831 1993 1917 2050 sis
1949 1990 2216 2067 longior,
2247 2009 2381 2049 eum
2404 1991 2638 2065 optimis

461 2082 646 2139 libris.
1158 2093 1167 2100 ⁴

314 2171 376 2227 P.
417 2170 484 2227 15
521 2172 623 2228 lin.
663 2172 732 2229 38
770 2191 873 2247 pro
910 2191 978 2231 6ο
1016 2176 1170 2249 quod
1208 2178 1301 2234 est
1336 2174 1729 2233 desideratur
1780 2174 2100 2248 legendum
2139 2176 2230 2232 est
2267 2173 2643 2231 desideratio

459 2280 593 2318 eum
629 2262 691 2320 P.
715 2262 789 2320 V.
829 2264 1035 2338 Ashb.‚
1070 2265 1249 2323 Laur.
1755 2287 1760 2290 ·

313 2352 376 2410 P.
416 2351 485 2409 16
521 2353 621 2414 lin.
663 2353 732 2410 19
768 2372 871 2429 pro
901 2372 970 2412 eo
1009 2356 1161 2430 quod
1199 2358 1290 2413 est
1326 2356 1489 2413 mori
1525 2358 1661 2430 1636
1699 2355 1954 2429 morarI,
1991 2374 2172 2414 sensu
2210 2356 2598 2431 probabiliori.

313 2443 375 2499 P.
415 2444 483 2501 18
560 2486 586 2515 „
654 2445 725 2501 23
800 2489 830 2516 „
913 2488 938 2517 „
1088 2490 1117 2518 „
1231 2488 1264 2518 ‚,
1324 2466 1464 2506 mea
1498 2449 1750 2523 (Mahly)
1789 2481 1854 2491 —
1894 2466 2011 2517 me,
2049 2467 2182 2505 eum
2219 2447 2382 2505 eodd.

312 2532 375 2592 P.
411 2532 484 2588 22
554 2576 585 2604 „
656 2534 725 2590 16
801 2576 827 2606 ,,
904 2578 934 2606 ,,
1085 2579 1114 2607 ,,
1229 2580 1258 2607 ,,
1327 2537 1457 2594 vita
1480 2538 1837 2596 diuturnum
1868 2570 1934 2581 —-
1966 2538 2093 2596 vita
2131 2537 2237 2595 diu
2265 2537 2387 2608 (vel
2412 2540 2637 2594 natura

455 2623 579 2694 diu)
619 2643 754 2681 eum
791 2626 1025 2700 optimis
1062 2627 1247 2683 libris,

308 2712 370 2768 P.
408 2711 479 2768 26
515 2714 614 2769 lin.
644 2713 712 2770 18
753 2733 858 2789 pro
892 2714 1107 2773 labore
1150 2717 1473 2791 legendum
1528 2722 1632 2777 aut
1676 2718 1889 2777 labore
1918 2722 2023 2777 aut
2051 2717 2456 2788 contentione,
2496 2734 2627 2775 eum

453 2805 686 2877 optimis
715 2806 901 2863 libris.

307 2890 369 2947 P.
410 2890 482 2946 26
515 2892 620 2948 lin.
641 2892 707 2949 31
729 2890 928 2951 Verba
956 2912 1072 2953 neo
1097 2900 1401 2973 tamquam
1433 2898 1674 2957 Peliam
1704 2900 2032 2970 reseret-it,
2051 2899 2218 2957 uncis
2243 2897 2502 2968 inelude3
2529 2899 2627 2956 de-

449 2984 588 3040 sunt
625 2983 779 3039 enim
813 2985 876 3040 in
911 2989 1332 3045 vetustissimis
1369 2990 1666 3046 codicibus
1706 2994 1763 3046 et
1799 2992 2063 3063 glossam
2099 2990 2351 3064 sapiunt.

305 3070 568 3133 Laelius.
591 3106 657 3115 —
689 3075 750 3132 P.
789 3074 856 3132 31
894 3076 996 3132 lin.
1027 3077 1096 3133 31
1135 3096 1239 3152 pro
1277 3097 1344 3136 eo
1382 3080 1537 3154 quod
1574 3082 1666 3138 est
1693 3080 1784 3136 uti
1810 3082 1878 3136 in
1902 3079 2223 3155 plerisque
2245 3080 2383 3153 1636
2415 3081 2499 3137 sis
2541 3079 2633 3136 uti

437 3162 742 3239 plerique,
780 3166 885 3223 eir.
924 3185 1077 3240 quae
1094 3168 1213 3224 dixi
1254 3170 1315 3226 in
1351 3171 1824 3228 adnotationibus
1851 3173 1970 3230 edit
2013 3170 2452 3229 loeseherianae
2486 3172 2627 3242 (To-

444 3255 574 3310 rino
613 3251 796 3328 1887),
835 3275 890 3331 p.
931 3258 1015 3313 17.

302 3335 365 3401 P.
404 3344 473 3401 35
511 3346 592 3402 lin
637 3346 708 3402 23
741 3365 878 3421 pro:
915 3352 1041 3406 tum
1067 3350 1292 3425 magis
1331 3352 1527 3426 aptius
1565 3353 1798 3410 videtur
1838 3357 1902 3410 tu
1939 3353 2147 3428 magis
2184 3355 2313 3426 (eir.
2355 3354 2628 3412 editionis

443 3437 729 3495 loeseher.
769 3439 1213 3510 Adnotationes‚
1251 3461 1306 3517 p.
1343 3443 1453 3514 31).

296 3521 361 3586 P.
398 3526 469 3583 40
501 3528 604 3585 lin.
642 3529 678 3586 8
714 3547 819 3604 pro
858 3548 925 3588 eo
962 3533 1116 3606 quod
1154 3535 1244 3590 est
1281 3548 1533 3610 quoquo,
1570 3532 1706 3609 1636
1744 3527 1833 3595 sis
1844 3551 1857 3593 t
1899 3552 2273 3613 quocumque
2311 3554 2443 3595 eum
2474 3537 2625 3611 opti-

439 3618 551 3675 mis
589 3619 961 3678 editionibus.

294 3698 355 3763 P.
393 3707 465 3763 40
500 3709 602 3765 lin.
642 3710 706 3767 11
747 3728 879 3785 pro:
918 3711 1117 3788 serpit
1154 3711 1222 3770 id
1248 3714 1314 3771 in
1352 3709 1489 3772 dies
1525 3725 1764 3792 resque,
1802 3715 1941 3793 1636
1979 3720 2093 3777 sis:
2128 3714 2326 3795 serpit
2353 3716 2517 3775 enini
2557 3714 2622 3771 in

437 3792 574 3855 dies
610 3817 718 3857 res
752 3819 924 3876 quae,
967 3820 1150 3862 sensu
1189 3806 1581 3879 probabiliori.

399 3921 510 3964 cato
537 3923 680 3965 maior
703 3927 745 3966 ct
770 3924 962 3968 Laeuus.
2347 3932 2405 3983 4·
