3009 4259
1160 183 1588 244 PRAEFATIO.
2452 192 2557 247 vn

227 365 371 436 cieS‚
419 383 517 424 eas
564 363 740 435 edidi,
789 383 939 440 quae
986 364 1285 423 communi
1324 363 1728 439 posteriorum
1769 366 2106 441 temporum
2132 385 2252 426 usu
2279 370 2557 444 receptae

229 469 388 536 sunt,
433 468 604 525 velut
631 483 778 538 cum,
819 484 938 524 non
968 484 1157 541 quom,
1173 465 1463 541 proxime,
1491 483 1610 525 non
1626 473 1934 541 proxume,
1970 467 2164 540 libido,
2194 486 2313 528 non
2342 468 2560 543 lubido,

226 569 579 639 animantes,
631 584 747 625 non
800 566 1122 624 animantis
1175 567 1323 640 (acc.
1378 565 1590 641 plur.),
1642 571 1755 627 cet.
1854 566 2032 627 Nolui
2082 573 2280 628 tamen
2330 570 2556 647 ubique

227 670 276 727 ii
315 672 377 727 et
419 669 493 726 iis
538 668 793 727 scribere
836 684 947 743 pro
990 668 1047 725 ei
1087 670 1150 726 et
1193 667 1286 727 eis.

397 971 732 1045 Catonem
775 972 1116 1031 maiorem
1161 972 1450 1049 scriptum
1496 990 1626 1032 esse
1670 974 1807 1031 ante
1836 972 2217 1033 interfectum
2247 974 2557 1035 Gaesarem

225 1074 362 1134 inde
417 1074 705 1145 efficitur,
761 1072 924 1149 quod
973 1073 1037 1131 in
1090 1091 1160 1132 eo
1211 1072 1445 1131 nullum
1501 1076 1664 1132 extat
1704 1073 2030 1149 vestigium
2081 1093 2287 1134 eorum
2329 1081 2558 1152 tempo-

225 1196 385 1247 rum,
451 1193 603 1252 quae
661 1173 930 1235 Caesaris
983 1179 1239 1234 mortem
1299 1179 1506 1235 secuta
1567 1178 1726 1235 sunt.
1826 1174 2095 1252 Cumque
2146 1177 2209 1235 in
2264 1178 2355 1250 iis,
2403 1198 2558 1256 quae

228 1278 300 1336 de
361 1277 935 1355 appropinquatione
1000 1277 1207 1336 mortis
1267 1274 1474 1336 Cicero
1536 1277 1599 1334 in
1663 1275 1777 1337 hoc
1834 1277 1988 1337 libro
2048 1277 2305 1351 disserit,
2368 1281 2559 1339 multa

227 1383 287 1438 et
337 1378 535 1439 verbis
588 1381 649 1438 et
702 1377 1010 1438 sententiis
1064 1383 1125 1437 et
1179 1378 1462 1454 exemplis
1521 1384 1855 1456 congruant
1899 1397 2037 1439 cum
2083 1379 2560 1440 Tusculanarum

228 1482 701 1557 disputationum
751 1479 903 1564 libro
955 1481 1147 1554 primo
1160 1524 1176 1551 ,
1237 1479 1324 1539 ita
1373 1482 1601 1552 tamen,
1664 1483 1737 1539 ut
1796 1480 1858 1539 in
1909 1481 2063 1540 libro
2119 1482 2192 1541 de
2247 1485 2559 1543 senectute

229 1584 579 1659 argumenta
607 1582 846 1641 brevius
880 1581 1454 1657 comprehendantur
1483 1585 1546 1641 et
1571 1601 1683 1658 pro
1715 1583 1892 1643 certis
1913 1586 2242 1656 sumantur,
2291 1585 2560 1661 exempla

227 1688 429 1744 autem
471 1684 772 1742 interdum
815 1683 1012 1743 minus
1069 1687 1205 1759 apte
1260 1682 1681 1754 adhibeantur,
1735 1687 1874 1760 post
1925 1685 2175 1760 primam
2223 1686 2386 1745 illam
2439 1686 2557 1746 dis-

228 1786 598 1862 putationem
656 1785 1079 1856 Tusculanam,
1142 1804 1322 1861 quam
1363 1784 1569 1845 Cicero
1632 1790 1855 1846 aestate
1912 1787 2049 1845 anni
2090 1786 2172 1847 45
2219 1806 2271 1849 a.
2316 1786 2452 1848 Chr.
2497 1808 2559 1849 n.

226 1888 538 1960 tractabat,
583 1887 739 1964 hum
769 1886 986 1945 librum
1021 1888 1310 1963 scriptum
1353 1906 1483 1948 esse
1516 1891 1778 1964 apparet.
1824 1888 2119 1947 Extremis
2162 1889 2352 1965 igitur
2394 1908 2557 1949 men·

227 1989 392 2050 sibus
437 1989 576 2048 anni
618 1988 699 2048 45
746 2008 796 2049 a.
842 1987 978 2050 Chr.
1021 2009 1079 2047 n.
1127 1991 1232 2047 aut
1274 1989 1481 2064 primis
1527 2008 1577 2048 a.
1622 1987 1707 2049 44
1753 1988 1944 2047 editus
1990 1992 2098 2049 est.

398 2090 776 2166 Colloquitur
844 2090 905 2149 in
978 2089 1091 2151 hoc
1162 2090 1314 2150 libro
1378 2090 1456 2151 Μ.
1521 2091 1771 2151 Porcius
1837 2090 1982 2149 Cato
2043 2075 2359 2150 Censorius
2422 2110 2556 2151 cum

229 2192 294 2253 Ο.
324 2192 527 2252 Laelio
562 2191 839 2266 Sapiente
870 2194 934 2250 et
963 2210 1098 2250 cum
1128 2192 1196 2250 P.
1227 2190 1498 2251 Cornelio
1531 2191 1806 2268 Scipione
1837 2192 2190 2264 Aemiliano,
2224 2191 2291 2253 L.
2316 2193 2558 2252 Aemilii

229 2295 402 2353 Pauli
443 2293 587 2366 filio,
634 2294 737 2369 qui
778 2296 1021 2368 postero
1067 2297 1336 2368 tempore
1366 2293 1686 2352 Africanus
1721 2293 1914 2352 minor
1956 2293 2152 2354 dictus
2197 2296 2306 2353 est.
2380 2294 2558 2356 Hunc

228 2413 560 2456 sermonem
603 2393 808 2454 Cicero
856 2395 912 2468 (ἓ
956 2391 1059 2467 14)
1104 2393 1374 2453 habitum
1418 2411 1547 2453 esse
1592 2393 1765 2469 fingit
1807 2393 1876 2451 T.
1914 2392 2193 2463 Quinctio
2225 2395 2558 2456 Flaminino

227 2496 328 2556 Μ’.
375 2495 568 2556 Acilio
614 2495 803 2555 Balbo
850 2495 1212 2567 consulibua,
1261 2494 1366 2571 qui
1411 2513 1599 2554 annus
1646 2492 1796 2568 (150
1841 2515 1891 2554 a.
1941 2494 2100 2569 Chr.)
2156 2498 2559 2573 octogesimus

229 2604 478 2676 quartus
524 2597 642 2657 fuit
683 2598 840 2657 vitae
871 2596 1110 2657 Catonis
1142 2592 1293 2677 (32).
1364 2597 1697 2672 Postquam
1738 2597 1791 2656 is
1823 2596 2082 2656 breviter
2109 2597 2555 2674 demonstravit,

228 2701 497 2762 omnium
541 2699 935 2775 querelarum,
982 2717 1131 2775 quae
1177 2698 1251 2758 de
1295 2702 1604 2759 senectute
1645 2698 2025 2770 haberentur,
2073 2698 2311 2774 culpam
2349 2719 2466 2759 non
2496 2701 2558 2758 in

229 2805 423 2863 aetate
484 2820 643 2874 esse,
706 2800 812 2860 sed
870 2801 935 2859 in
993 2800 1288 2870 moribus,
1351 2801 1595 2876 eiusque
1651 2800 1739 2860 rei
1793 2801 2060 2876 exempla
2114 2799 2180 2870 Q.
2233 2801 2555 2860 Maximum

227 2903 610 2980 potissimum
655 2904 716 2961 et
757 2901 1017 2962 Ennium
1058 2902 1393 2977 proposuit,
1442 2905 1517 2960 de
1560 2904 1847 2978 quattuor
1877 2901 2070 2961 causis
2116 2902 2401 2977 disputat,
2451 2921 2560 2962 cur

227 3008 505 3065 senectus
565 3004 781 3062 misera
839 3004 1115 3079 putetur;
1178 3022 1430 3078 quarum
1489 3002 1744 3079 primam
1806 3020 1962 3073 esse,
2028 3003 2188 3079 quod
2251 3006 2465 3062 avocet
2524 3023 2559 3062 a

225 3107 406 3166 rebus
467 3104 739 3181 gerendis
801 3102 1132 3183 (15—26);
1193 3105 1466 3176 alteram,
1531 3102 1694 3182 quod
1757 3120 1974 3178 corpus
2029 3103 2208 3163 faciat
2260 3103 2555 3163 infirmius

224 3205 559 3283 (27—38);
603 3206 857 3277 tertiam,
899 3204 1061 3281 quod
1087 3205 1285 3281 privet
1312 3205 1438 3264 fere
1471 3204 1745 3264 omnibus
1777 3204 2183 3279 voluptatibus
2216 3202 2555 3287 (39—66);

228 3311 519 3385 quartam,
564 3307 724 3384 quod
766 3306 927 3366 haud
967 3307 1181 3383 procul
1225 3307 1381 3366 absit
1424 3327 1459 3365 a
1501 3309 1690 3366 morte
1738 3303 2056 3380 (66—85).
2141 3306 2310 3366 Misit
2350 3305 2556 3368 Cicero

224 3409 385 3469 hunc
427 3409 647 3468 librum
690 3408 765 3466 ad
808 3408 874 3469 T.
916 3407 1312 3484 Pomponium
1354 3407 1654 3477 Atticum,
1709 3406 1785 3465 ad
1838 3387 2036 3466 senem
2091 3408 2323 3468 scilicet
2374 3426 2557 3468 senex

227 3506 418 3592 (Lael.
463 3506 558 3591 5);
603 3508 807 3570 Cicero
852 3508 1008 3569 enim
1051 3513 1225 3572 natus
1265 3513 1392 3569 erat
1434 3529 1487 3569 a.
1537 3506 1679 3581 106,
1725 3508 1964 3568 Atticus
2009 3528 2061 3568 a.
2110 3507 2251 3569 109.

407 3610 537 3681 Quo
598 3612 721 3671 fere
779 3614 1049 3687 tempore
1104 3610 1310 3670 Cicero
1354 3609 1678 3669 Laelium
1741 3610 2047 3686 scripserit
2106 3610 2298 3669 eidem
2351 3612 2558 3671 Attico

223 3713 494 3785 missum,
528 3731 598 3772 ex
628 3731 698 3772 eo
727 3711 999 3788 intellegi
1028 3714 1244 3788 potest,
1279 3710 1442 3788 quod
1469 3711 1532 3769 in
1562 3710 1926 3786 praefatione
1959 3711 2202 3771 alterius
2233 3710 2304 3769 de
2338 3711 2557 3771 divina·

224 3815 390 3875 tione
419 3814 556 3873 libri
585 3818 723 3890 post
749 3815 1003 3873 mortem
1020 3812 1285 3873 Caesaris
1309 3812 1534 3887 scripti,
1566 3811 1672 3871 ubi
1700 3811 1888 3872 libros
1921 3812 1993 3871 de
2022 3811 2399 3888 philosophia
2425 3831 2460 3870 a
2491 3830 2552 3869 se
