3009 4259
396 185 478 251 54
1147 176 1459 231 mamus
1496 176 1597 231 na
1631 177 1978 233 AMICITIA.

568 357 962 433 Quamquam
1011 349 1136 413 ista
1179 348 1561 425 adsentatiO,
1614 350 1899 431 quamvis
1941 350 2296 432 perniclosa
2341 351 2447 425 sit,
2499 371 2732 413 nocere

398 441 614 503 tamen
658 434 894 499 nemini
921 437 1132 517 potest
1160 433 1284 497 nisi
1328 434 1403 511 ei,
1446 433 1556 515 qui
1602 455 1741 496 eam
1770 432 1993 515 recipit
2037 436 2226 515 atque
2262 455 2338 497 ea
2365 432 2731 498 delectatur.

398 522 497 587 Ita
539 520 612 585 fit
662 525 736 584 ut
775 520 830 584 is
874 518 1378 583 adsentatoribus
1437 517 1780 601 patefaciat
1840 538 2024 581 aures
2067 538 2212 581 suas
2256 518 2555 595 maxime,
2616 519 2731 602 qui

400 608 533 689 ipse
595 605 717 670 sibi
760 604 1124 668 adsentetur
1185 606 1249 666 et
1301 624 1369 666 se
1412 602 1686 666 maxime
1746 602 1880 685 ipse
1933 601 2215 666 delectet.
2301 600 2571 667 Omnino
2634 606 2732 666 est

401 712 621 754 amans
665 690 764 753 sui
807 688 1031 766 virtus;
1056 687 1310 772 ‘optime
1356 686 1525 750 enim
1568 707 1634 751 se
1677 686 1818 771 ipsa
1861 687 2037 751 novit
2082 708 2395 771 quamque
2441 687 2730 752 amabilis
2765 703 2795 751 5

402 776 485 839 sit
525 773 860 856 intellegit.
945 772 1089 857 Ego
1152 777 1365 836 autem
1406 792 1538 835 non
1582 771 1658 835 de
1699 772 1934 835 virtute
1976 789 2144 835 nunc
2185 772 2437 855 loquor,
2499 773 2610 836 sed
2655 772 2731 836 de

371 859 651 938 ‚virtutis
713 857 1022 941 opinione.
1108 856 1364 920 Virtute
1426 856 1592 920 enim
1643 857 1782 939 ipsa
1842 878 1970 920 non
2028 860 2163 919 tam
2220 856 2405 920 multi
2462 856 2731 939 praediti
2769 921 2772 924 ,

368 943 381 966 ‘
404 966 537 1008 esse
582 965 774 1026 quam
814 943 1012 1006 videri
1052 941 1288 1006 volunt.
1374 939 1512 1004 Hos
1559 941 1830 1005 delectat
1873 940 2242 1020 adsentatio,
2285 940 2385 1005 his
2429 941 2609 1005 fictus
2650 942 2732 1006 ad

400 1029 680 1111 ipsorum
721 1026 1111 1090 voluntatem
1164 1047 1370 1089 sermo
1418 1047 1563 1089 cum
1608 1025 1967 1103 adhibetur,
2020 1025 2366 1089 orationem
2408 1025 2582 1090 illam
2622 1048 2731 1090 va-

400 1135 550 1177 nam
571 1112 1002 1176 testimonium
1020 1131 1155 1174 esse
1172 1109 1431 1174 laudum
1448 1132 1705 1173 suarum
1733 1113 1976 1193 putant.
2033 1108 2227 1174 Nulla
2247 1115 2343 1174 est
2359 1111 2557 1195 igitur
2572 1110 2730 1174 haec
2756 1128 2812 1176 ιο

402 1197 693 1274 amicitia,
737 1217 881 1259 cum
924 1195 1084 1259 alter
1118 1216 1338 1259 verum
1381 1195 1598 1259 audire
1629 1217 1757 1259 non
1800 1194 1952 1272 vult,
1997 1195 2155 1259 alter
2184 1194 2265 1258 ad
2306 1195 2734 1259 mentiendum

399 1286 660 1365 paratus
723 1286 835 1346 est.
929 1279 1067 1344 Nec
1125 1280 1548 1363 parasitorum
1604 1279 1674 1342 in
1734 1279 2069 1343 comoediis
2114 1280 2468 1344 adsentatio
2528 1280 2734 1344 faceta

400 1365 583 1430 nobis
625 1366 963 1443 videretur,
1004 1364 1127 1428 nisi
1171 1369 1379 1428 essent
1419 1363 1651 1428 milites
1740 1363 1972 1428 loriosi.

486 1449 800 1535 Magnas
844 1470 1019 1513 vero
1065 1469 1289 1533 agere
1333 1449 1625 1533 gratias
1730 1448 1899 1513 hais
1941 1448 2161 1513 mihi?

401 1533 568 1599 Satis
620 1539 756 1598 erat
806 1534 1208 1618 respondere:
1256 1521 1637 1616 ‘magnas';
1686 1521 1788 1597 ‘in
1853 1521 2112 1611 entes',
2164 1532 2386 1618 inquit.
2472 1531 2731 1618 Semper
2756 1551 2814 1598 15

402 1623 597 1704 auget
639 1620 1005 1682 adsentator
1045 1618 1135 1694 id,
1188 1618 1359 1700 quod
1400 1617 1477 1696 is,
1524 1618 1701 1682 cuius
1746 1640 1784 1681 a
1866 1618 2258 1682 voluntatem
2303 1619 2553 1698 dicitur,
2595 1619 2736 1684 vult

319 1712 384 1764 99
404 1725 539 1768 esse
581 1724 899 1788 magnum.
986 1699 1191 1778 Quam
1241 1702 1323 1765 ob
1374 1723 1535 1780 rem,
1588 1723 1974 1786 quamquam
2025 1702 2259 1767 blanda
2309 1704 2434 1769 ista
2486 1705 2733 1768 vanitas

401 1788 566 1870 apud
610 1808 720 1852 eos
763 1787 949 1865 valet,
993 1788 1105 1871 qui
1130 1787 1254 1870 ipsi
1295 1785 1470 1849 illam
1501 1786 1819 1851 adlectant
1863 1791 1927 1851 et
1954 1787 2239 1866 invitant,
2282 1791 2496 1852 tamen
2540 1788 2733 1853 etiam

403 1872 726 1957 graviores
789 1873 1373 1955 constantioresque
1434 1871 1815 1936 admonendi
1866 1876 2039 1949 sunt,
2069 1876 2162 1936 -ut
2215 1873 2733 1951 animadvertant,

400 1978 481 2022 ne
525 1956 751 2022 callida
780 1957 1212 2021 adsentatione
1257 1954 1601 2039 capiantur.
1685 1956 1925 2040 Aperte
1956 1956 2125 2020 enim
2158 1957 2521 2021 adulantem
2547 1979 2736 2021 nemo
2757 1973 2820 2022 20

400 2062 526 2105 non
568 2041 755 2120 videt,
795 2041 919 2105 nisi
960 2041 1072 2123 qui
1114 2041 1452 2104 admodum
1481 2045 1579 2105 est
1622 2062 1855 2120 excors,
1898 2040 2160 2105 callidus
2202 2041 2310 2105 ille
2341 2045 2407 2106 et
2450 2041 2736 2107 occultus

400 2147 480 2190 ne
554 2147 621 2190 se
690 2125 989 2203 insinuet,
1068 2124 1347 2190 studiose
1422 2125 1768 2190 cavendum
1839 2130 1960 2202 est;
2032 2148 2148 2189 nec
2208 2126 2375 2189 enim
2434 2126 2734 2191 facillime

399 2210 782 2295 agnoscitur,
825 2210 1059 2294 quippe
1099 2210 1211 2294 qui
1241 2208 1432 2273 etiam
1467 2210 1853 2274 adversando
1882 2231 2069 2294 saepe
2109 2212 2471 2276 adsentetur
2499 2215 2564 2275 et
2604 2211 2735 2275 liti-

399 2315 553 2379 gare
613 2317 681 2359 se
744 2294 1047 2359 simulans
1107 2294 1467 2359 blandiatur
1538 2298 1604 2358 at
1649 2316 1729 2359 ue
1792 2294 1874 2358 ad
1934 2299 2282 2359 extremum
2344 2297 2450 2360 det
2508 2318 2733 2360 manus

398 2379 692 2463 vincique
735 2399 803 2445 se
842 2378 1138 2463 patiatur,
1180 2383 1255 2444 ut
1294 2380 1367 2458 is,
1410 2379 1520 2462 qui
1555 2380 1576 2442 i
1647 2401 1803 2443 usus
1847 2380 1945 2457 sit,
1987 2380 2130 2463 plus
2159 2380 2386 2444 vidisse
2428 2380 2733 2445 videatur.
2756 2396 2817 2445 25

401 2461 567 2538 Quid
610 2466 822 2528 autem
871 2464 1118 2549 turpius
1172 2486 1365 2547 quam
1414 2463 1657 2528 inludi?
1745 2462 1929 2539 Quod
1969 2468 2042 2528 ut
2084 2486 2163 2528 ne
2209 2466 2475 2544 accidat,
2526 2466 2734 2550 magis

400 2548 747 2612 cavendum
793 2553 903 2613 est.

487 2631 589 2696 Ut
630 2655 738 2697 me
782 2632 1004 2706 h6die
1050 2636 1221 2696 ante
1266 2653 1519 2696 omnes
1563 2633 1882 2697 comicos
1928 2632 2205 2697 stultos
2252 2656 2466 2699 senes

484 2715 840 2780 Versaris
884 2721 1111 2799 atque
1154 2715 1554 2780 inlusseris
1598 2717 2063 2782 lautissume.

303 2798 576 2868 100Haec
618 2801 786 2865 enim
815 2801 1007 2865 etiam
1032 2801 1101 2864 in
1127 2800 1361 2865 fabulis
1390 2801 1765 2866 stultissima
1793 2823 2064 2886 persona
2107 2807 2204 2867 est
2238 2803 2734 2886 improvidorum
2757 2820 2817 2869 ³0

399 2890 464 2949 et
506 2885 905 2949 credulorum
948 2907 1182 2949 senum.
1268 2884 1393 2950 Sed
1441 2886 1651 2950 nescio
1704 2908 1831 2970 quo
1874 2892 2060 2970 pacto
2106 2887 2186 2951 ab
2241 2888 2531 2970 amicitiis
2581 2910 2728 2972 per·

397 2969 709 3034 sectorum
766 2969 1119 3048 hominum,
1180 2970 1246 3034 id
1288 2975 1388 3035 est
1446 2971 1825 3056 sapientium
1870 2971 1971 3054 (de
2031 2971 2149 3035 hac
2204 2972 2342 3036 dico
2403 2972 2731 3055 sapientia,

442 3076 562 3118 uae
613 3055 862 3119 videtur
911 3055 980 3118 in
1020 3054 1340 3118 hominem
1385 3056 1608 3119 cadere
1652 3056 1889 3140 posse),
1934 3057 2016 3120 ad
2056 3055 2225 3121 leves
2270 3056 2576 3121 amicitias
2621 3057 2730 3122 de-

396 3076 581 3203 fiuxit
623 3139 841 3203 oratic.
926 3137 1129 3214 Quam
1173 3139 1256 3203 ob
1299 3162 1436 3203 rem
1479 3141 1563 3204 ad
1588 3141 1700 3205 illa
1742 3140 1945 3224 prima
1988 3140 2317 3205 redeamus
2347 3162 2546 3224 eaque
2588 3143 2732 3224 ipsa

318 924 367 971 8(

398 3224 848 3287 concludamus
893 3223 1248 3306 aliquando.
2750 3245 2815 3293 35

301 3312 381 3372 27
572 3307 811 3387 VirtuS,
853 3309 1067 3386 virtue,
1109 3309 1386 3393 inquam,
1429 3307 1495 3373 G.
1526 3308 1746 3387 Fanni,
1787 3313 1851 3373 et
1878 3314 1966 3386 tu,
1997 3307 2067 3384 Q.
2097 3309 2287 3387 Muci,
2332 3313 2399 3374 et
2440 3311 2732 3375 conciliat

397 3392 705 3457 amicitias
750 3397 816 3457 et
857 3397 1197 3457 conservat.
1282 3392 1357 3456 In
1412 3415 1487 3457 ea
1541 3397 1638 3457 est
1681 3393 1848 3457 enim
1891 3394 2326 3458 convenientia
2377 3416 2608 3474 rerum,
2661 3396 2730 3459 in

395 3496 470 3540 ea
513 3476 851 3555 stabilitas,
892 3477 960 3540 in
1004 3499 1080 3541 ea
1123 3477 1500 3555 constantia3
1556 3499 1716 3561 quae
1771 3500 1913 3543 cum
1964 3500 2031 3542 se
2077 3478 2303 3542 extulit
2346 3483 2410 3543 ct
2452 3481 2731 3545 ostendit

387 3583 580 3625 suum
621 3560 836 3625 lumen
897 3565 962 3625 et
1009 3562 1179 3626 idem
1231 3563 1477 3645 aspexit
1520 3563 1903 3646 agnovitque
1954 3563 2022 3626 in
2065 3562 2216 3641 alic,
2279 3563 2359 3627 ad
2400 3564 2466 3628 id
2509 3586 2575 3628 se
2621 3565 2730 3627 ad-

384 3649 608 3710 ·movet
665 3646 1064 3729 vicissimque
1127 3645 1353 3729 accipit
1410 3645 1568 3710 illud
1586 3695 1601 3726 ,
1662 3649 1834 3730 quod
1892 3649 1959 3712 in
2019 3647 2218 3711 altero
2282 3652 2402 3725 est;
2463 3670 2540 3712 ex
2602 3670 2729 3731 quo
2749 3670 2820 3716 40

529 3833 610 3884 29.
647 3828 757 3881 inlu
770 3831 927 3882 ‚seris
949 3828 1055 3895 Bt.,
1091 3828 1212 3893 M1.;
1251 3831 1473 3882 iusseris
1498 3827 1562 3894 G,
1598 3835 1656 3882 ut
1690 3832 1913 3884 tus-seris
1944 3829 2064 3887 rell.
2103 3829 2290 3894 codd.;
2328 3832 2581 3885 cluss-eris
2603 3831 2731 3884 Hm.
