3009 4259
1120 178 1275 234 CAP.
1332 188 1377 243 1,
1413 187 1460 233 ·2.
1529 181 1561 247 ς’
1600 186 1746 234 1-7.
2506 184 2590 246 29

426 347 584 413 Cum
628 350 794 413 enim
838 370 1023 432 saepe
1067 371 1316 414 mecum
1369 369 1619 433 ageres,
1670 354 1745 415 ut
1797 351 1873 414 de
1918 350 2196 413 amicitia
2249 350 2645 425 scriberem4

256 432 523 517 aliquid,
584 433 775 518 digna
833 434 988 497 mihi
1046 456 1149 498 res
1211 455 1354 498 cum
1415 434 1697 497 omnium
1758 434 2116 518 cognitione
2175 439 2315 499 tum
2372 439 2590 498 nostra

254 517 686 582 familiaritate
744 517 880 581 visa
940 521 1052 582 est.
1145 516 1370 600 Itaque
1429 517 1552 581 feci
1610 538 1740 581 11011
1798 519 2035 582 invitus
2094 522 2168 582 ut
2225 518 2592 601 prodessem

255 602 474 666 multis
516 606 746 686 rogatu
789 605 919 666 tuo.
1006 601 1131 666 Sed
1169 606 1244 665 ut
1292 602 1361 665 in
1404 600 1640 667 Catone
1681 601 1948 679 Maiore,
2003 602 2117 684 qui
2167 608 2264 666 est
2316 603 2589 685 scriptus

168 706 201 752 5
258 688 338 751 ad
387 691 453 750 te
507 686 583 750 de
634 690 980 763 senectute,
1033 685 1336 750 Catonem
1386 687 1608 752 induxi
1661 707 1875 750 senem
1929 686 2376 769 disputantem,
2440 687 2592 770 quia

257 770 435 834 nulla
474 771 806 834 videbatur
849 770 1058 854 aptior
1099 791 1397 853 persona,
1442 792 1607 855 quae
1662 771 1737 835 de
1779 771 1891 834 illa
1943 773 2149 834 aetate
2201 771 2587 853 loqueretur,

258 876 450 939 quam
497 855 658 929 eius,
703 855 816 938 qui
860 859 924 919 et
968 854 1317 919 diutissime
1361 877 1556 919 senex
1596 854 1823 918 fuisset
1867 860 1932 919 et
1973 856 2042 917 in
2082 855 2223 937 ipsa
2264 859 2585 918 senectute

255 943 508 1023 praeter
568 944 811 1003 ceteros
870 939 1191 1003 floruisset
1209 989 1226 1019 ,
1284 939 1374 1003 sic
1390 987 1406 1017 ,
1478 961 1624 1003 cum
1686 940 2144 1022 accepissemus
2206 960 2244 1001 a
2302 939 2590 1020 patribus

256 1024 529 1087 maxime
586 1023 1058 1087 memorabilem
1118 1021 1181 1088 C.
1234 1022 1408 1088 Laeli
1472 1028 1539 1087 et
1597 1022 1667 1087 P.
1728 1021 2035 1106 Scipionis
2092 1022 2588 1086 familiaritatem

173 1128 236 1173 10
254 1106 478 1185 fuisse,
519 1108 745 1172 idonea
787 1108 944 1171 mihi
986 1106 1160 1171 Laeli
1199 1129 1472 1191 persona
1513 1107 1650 1172 visa
1693 1112 1815 1186 est,
1860 1129 2022 1190 quae
2067 1107 2144 1170 de
2190 1107 2466 1171 amicitia
2510 1128 2590 1171 ea

255 1193 278 1256 i
324 1213 396 1256 sa
457 1191 788 1255 dissereret
805 1241 820 1270 ,
892 1213 1053 1274 quae
1125 1192 1446 1275 disputata
1518 1192 1598 1255 ab
1673 1212 1747 1256 eo
1816 1191 2209 1255 meminisset
2268 1190 2584 1256 Scaevola.

257 1214 467 1340 (genus
539 1280 753 1340 autem
820 1275 943 1339 hoc
1005 1295 1363 1340 sermonum
1431 1276 1715 1359 positum
1782 1275 1852 1340 in
1916 1275 2244 1339 hominum
2302 1280 2586 1339 veterum

256 1360 633 1424 auctoritate
679 1365 743 1424 et
786 1381 1005 1424 eorum
1045 1360 1407 1424 inlustrium
1456 1360 1605 1445 plus
1657 1361 1869 1424 nescio
1924 1381 2051 1443 quo
2102 1364 2289 1443 pacto
2339 1360 2587 1423 videtur

254 1445 490 1509 habere
535 1443 891 1528 gravitatis3
932 1446 1152 1527 itaque
1194 1445 1331 1542 ipse
1374 1466 1521 1509 mea
1561 1444 1784 1529 legens
1827 1444 1932 1529 sic·
1954 1442 2211 1507 adficior
2251 1444 2585 1521 interdum,

171 1550 235 1598 15
254 1534 330 1593 ut
373 1527 701 1606 Catonem,
744 1549 874 1593 non
915 1550 1018 1592 me
1060 1529 1241 1612 loqui
1292 1530 1661 1593 existimem.
1749 1527 1876 1593 Sed
1923 1533 1998 1592 ut
2049 1532 2186 1591 tum
2239 1528 2321 1591 ad
2370 1550 2582 1592 senem
2605 1548 2641 1594 5

256 1634 450 1678 senex
492 1613 568 1677 de
611 1616 947 1692 senectute,
992 1614 1081 1676 sic
1122 1613 1243 1677 hoc
1272 1613 1435 1677 libro
1481 1614 1563 1678 ad
1607 1613 1879 1677 amicum
1908 1612 2319 1676 amicissimus
2364 1613 2585 1695 scripsi

256 1699 334 1762 de
377 1697 671 1761 amicitia.
757 1696 922 1761 Tum
965 1701 1063 1761 est
1105 1695 1260 1762 Cato
1301 1698 1572 1776 locutus,
1617 1718 1743 1780 quo
1790 1701 1928 1762 erat
1967 1717 2155 1761 nemo
2198 1696 2332 1760 fere
2377 1697 2586 1760 senior

255 1782 647 1865 temporibus
688 1779 842 1859 illis,
893 1802 1078 1846 nemo
1122 1783 1515 1865 prudentior3
1557 1803 1727 1846 nunc
1769 1780 2020 1845 Laelius
2066 1785 2130 1845 et
2173 1782 2423 1863 sapiens
2470 1779 2586 1863 (sic

255 1867 423 1931 enim
496 1870 595 1930 est
652 1865 933 1948 habitus)
1007 1870 1072 1930 et
1131 1866 1444 1930 amicitiae
1505 1866 1711 1951 gloria
1785 1865 2097 1929 excellens
2164 1865 2238 1928 de
2312 1865 2589 1929 amicitia

166 1971 234 2022 20
252 1950 566 2034 loquetur.
652 1950 751 2014 Tu
791 1950 984 2015 velim
1027 1973 1065 2013 a
1114 1972 1216 2014 me
1270 1951 1550 2015 animum
1590 1972 1930 2033 parumper
1984 1953 2258 2027 avertas,
2302 1948 2588 2014 Laelium

252 2035 433 2118 loqui
472 2035 683 2118 ipsum
708 2037 912 2118 putes
999 2034 1062 2098 C.
1093 2033 1371 2099 Fannius
1418 2039 1481 2098 et
1512 2033 1581 2110 Q.
1611 2034 1861 2098 Mucius
1906 2034 1983 2097 ad
2011 2054 2300 2097 socerum
2326 2034 2588 2098 veniunt

252 2124 398 2203 post
439 2123 711 2183 mortem
751 2118 1059 2194 Africani3
1115 2122 1190 2182 ab
1243 2119 1344 2183 his
1389 2141 1595 2183 sermo
1651 2119 1879 2194 oritur,
1929 2118 2268 2201 respondet
2321 2117 2588 2196 Laelius,

256 2203 436 2268 cuius
493 2206 632 2267 tota
691 2204 1035 2286 disputatio
1097 2208 1195 2267 est
1255 2204 1331 2268 de
1392 2203 1668 2267 amicitia
1685 2251 1700 2281 ,
1772 2224 1963 2285 quam
2033 2202 2254 2287 legens
2326 2206 2390 2266 te
2451 2204 2587 2286 ipse

166 2393 235 2442 -25
256 2308 718 2435 cognffifggius
803 2369 967 2435 Sunt
1006 2371 1156 2448 ista,
1200 2370 1397 2447 Laeli;
1449 2392 1567 2434 nec
1620 2371 1786 2434 enim
1839 2370 2064 2433 melior
2114 2371 2210 2433 vir
2252 2370 2376 2434 fuit
2417 2349 2654 2471 Affi‘}

255 2477 415 2519 cano
445 2456 783 2539 quisquam
810 2477 927 2520 nec
954 2454 1196 2519 clarior.
1283 2454 1407 2519 Sed
1436 2454 1794 2519 existimare
1826 2454 2017 2518 debes
2047 2455 2327 2518 omnium
2372 2454 2586 2519 oculos

252 2540 323 2604 in
393 2543 457 2604 te
519 2561 655 2604 esse
717 2540 1034 2604 coniectos
1092 2562 1304 2603 unum.
1407 2539 1498 2603 Το
1574 2538 1922 2621 sapientem
1994 2544 2060 2602 et
2131 2537 2453 2620 appellant
2526 2544 2590 2604 et

256 2624 635 2689 existimant.
722 2623 1147 2689 Tribuebatur
1187 2624 1311 2688 hoc
1341 2623 1530 2687 modo
1559 2621 1644 2686 M.
1676 2622 1918 2701 Catoni,
1961 2623 2189 2686 scimus
2219 2621 2286 2686 L.
2315 2622 2589 2687 Acilium

255 2708 428 2791 apud
468 2713 682 2792 patres
711 2713 962 2772 nostros
1007 2708 1396 2791 appellatum
1439 2730 1574 2772 esse
1604 2707 1969 2790 sapientem,
2012 2708 2124 2771 sed
2165 2711 2434 2790 uterque
2464 2708 2590 2772 alio

169 2814 236 2862 80
301 2793 535 2856 nodam
561 2792 767 2870 mod0,
795 2791 1055 2870 Acilius,
1099 2793 1249 2875 quia
1275 2793 1552 2877 prudens
1581 2812 1719 2856 esse
1760 2791 1829 2854 in
1869 2792 2005 2855 iure
2034 2791 2201 2855 civili
2227 2792 2592 2875 putabatur,

308 2881 440 2954 ato,
501 2877 650 2960 quia
701 2876 1045 2940 multarum
1103 2898 1316 2941 rerum
1366 2898 1556 2940 usum
1614 2874 1915 2952 habebat3
1967 2876 2168 2939 multa
2220 2876 2352 2939 eius
2406 2880 2471 2940 et
2522 2877 2589 2938 in

258 2965 486 3024 senatu
531 2964 596 3024 et
645 2961 713 3024 in
755 2959 894 3024 foro
937 2960 1039 3025 vel
1079 2961 1329 3043 provisa
1371 2960 1712 3044 prudenter
1752 2960 1857 3022 vel
1900 2963 2040 3023 acta
2083 2964 2446 3024 constanter
2486 2960 2588 3024 vel

256 3066 559 3128 responsa
587 3049 768 3109 acute
796 3044 1183 3120 ferebantur-3
1210 3049 1547 3128 propterea
1576 3044 1759 3128 quasi
1784 3065 2134 3127 cognomen
2157 3045 2287 3106 iam
2311 3043 2590 3108 habebat

256 3128 326 3192 in
369 3133 691 3193 senectute
720 3128 1038 3211 sapientis.
1124 3127 1214 3192 Te
1245 3133 1459 3194 autem
1502 3128 1628 3191 alio
1665 3129 1941 3211 quodam
1980 3128 2167 3191 modo
2212 3149 2340 3191 non
2383 3127 2588 3192 solum
2608 3148 2642 3194 τ

170 3233 239 3282 35
258 3216 488 3277 natura
519 3216 584 3276 et
610 3213 913 3291 moribus,
939 3234 1162 3276 verum
1192 3213 1384 3276 etiam
1412 3212 1621 3276 studio
1652 3216 1716 3275 et
1745 3212 2029 3276 doctrina
2056 3233 2192 3275 esse
2223 3212 2590 3294 sapientem,

258 3318 376 3360 nec
437 3297 600 3360 sicut
658 3297 887 3381 vulgus
905 3345 920 3374 ,
989 3298 1099 3360 sed
1157 3301 1232 3361 ut
1290 3297 1520 3361 eruditi
1588 3295 1791 3360 solent
1850 3295 2168 3378 appellare
2229 3297 2591 3380 sapientem,

259 3379 518 3464 qualem
544 3381 611 3443 in
638 3380 882 3463 reliqua
912 3378 1173 3445 Graecia
1214 3381 1529 3446 neminem
1566 3381 1735 3462 (nam
1767 3380 1877 3462 qui
1906 3384 2146 3463 septem
2176 3381 2597 3463 appellantur,

260 3486 369 3528 eos
401 3465 512 3547 qui
537 3465 661 3528 ista
688 3463 981 3529 subtilius
1011 3469 1325 3547 quaerunt
1350 3465 1418 3528 in
1459 3485 1721 3529 numero
1752 3464 2129 3547 sapientium
2156 3486 2283 3528 non
2312 3464 2600 3546 habent),

259 3547 530 3612 Athenis
573 3571 770 3612 unum
812 3549 1190 3632 accepimus,
1244 3553 1309 3613 et
1353 3570 1498 3614 eum
1549 3548 1804 3631 quidem
1855 3548 2047 3614 etiam
2088 3548 2401 3631 Apollinis
2455 3571 2596 3613 ora·

170 3655 241 3702 40
262 3632 407 3697 culo
480 3633 1013 3717 sapientissimum
1070 3633 1445 3709 iudicatum3
1517 3632 1681 3696 hanc
1752 3653 1889 3698 esse
1958 3633 2027 3696 in
2086 3637 2150 3697 te
2222 3634 2595 3717 sapientiam

404 3822 485 3870 23.
524 3818 638 3883 ipse
672 3814 849 3881 PDE,
889 3815 1007 3879 ML3
1047 3818 1216 3885 ipsum
1254 3813 1485 3879 GBSV,
1522 3814 1647 3868 Hm.
