3009 4259
1118 860 1230 1000 ΙΜ.
1275 934 1528 1001 TULLI
1571 932 2015 1001 CICERONIS

958 1112 1420 1193 LAELIUS
1472 1114 1621 1193 DE
1675 1113 2198 1195 AMlorrlA.

351 1428 383 1487 ¹
577 1436 848 1514 Quintus
898 1436 1151 1502 Mucius
1206 1460 1289 1501 au
1458 1440 1662 1503 multa
1712 1461 1989 1503 narrare.
2019 1438 2094 1501 de
2139 1436 2203 1501 G.
2255 1436 2472 1502 Laelio
2527 1458 2759 1502 socero

357 1505 381 1551 ¹
405 1546 520 1589 suo
565 1522 929 1586 memoriter
986 1525 1051 1585 et
1102 1523 1293 1586 iucun
1340 1544 1373 1586 e
1428 1523 1677 1587 solebat
1725 1545 1844 1588 nec
1888 1521 2173 1587 dubitare
2225 1521 2410 1585 illum
2461 1521 2529 1584 in
2576 1522 2759 1586 omni

405 1628 694 1671 sermone
757 1605 1077 1689 appellare
1142 1606 1508 1689 sapientem.
1603 1607 1746 1705 Ego
1808 1611 2021 1671 autem
2079 1628 2118 1670 a
2176 1610 2357 1689 patre
2419 1606 2513 1669 ita
2579 1628 2759 1669 eram

405 1692 715 1755 deductus
755 1690 837 1753 ad
865 1688 1234 1753 Scaevolam
1280 1694 1533 1773 sumpta
1575 1690 1742 1754 vinli
1785 1695 1955 1776 toga,
1996 1693 2085 1766 ut,
2129 1690 2338 1772 quoad
2379 1710 2642 1772 possem
2693 1694 2759 1754 et

400 1776 641 1852 liceret,
685 1796 723 1836 a
759 1773 924 1837 senis
953 1773 1150 1838 latere
1179 1795 1527 1856 numquam
1557 1775 1956 1839 discederem.
2041 1772 2263 1857 Itaque
2307 1773 2513 1836 multa
2543 1774 2628 1837 ab
2678 1794 2757 1837 eo
2808 1796 2841 1845 5

401 1859 744 1943 prudenter
773 1858 1110 1941 disputata,
1152 1857 1354 1921 multa
1383 1859 1576 1922 etiam
1617 1859 1893 1922 breviter
1921 1863 1985 1922 et
2028 1858 2356 1927 commode
2402 1858 2576 1920 dicta
2619 1880 2759 1921 me-

400 1943 640 2007 moriae
712 1941 1093 2005 mandabam
1163 1940 1422 2025 fierique
1494 1942 1830 2014 studebam
1891 1943 2024 2006 eius
2092 1942 2427 2024 prudentia
2490 1942 2757 2005 doctior.

404 2026 542 2103 Quo
585 2030 837 2090 mortuo
880 2048 981 2089 me
1028 2027 1109 2090 ad
1159 2026 1523 2109 pontificem
1567 2026 1936 2091 Scaevolam
1990 2025 2257 2102 contuli,
2310 2047 2505 2108 quem
2551 2047 2759 2089 unum

402 2115 656 2175 nostrae
712 2110 985 2174 civitatis
1040 2113 1104 2173 et
1155 2109 1411 2194 ingenio
1465 2115 1530 2174 et
1579 2110 1824 2174 iustitia
1873 2109 2490 2193 praestantissimum
2547 2110 2758 2174 audeo

332 2217 366 2265 2
405 2195 627 2259 dicere.
714 2192 840 2258 Sed
884 2194 958 2257 de
1000 2193 1123 2258 hoc
1153 2192 1337 2271 alias3
1381 2216 1548 2258 nunc
1591 2194 1783 2258 redeo
1829 2194 1909 2257 ad
1943 2216 2024 2257 au
2148 2215 2265 2257 em.
2353 2191 2515 2256 Cum
2562 2215 2759 2276 saepe
2784 2217 2842 2263 10

402 2278 629 2355 multa,
680 2281 819 2341 tum
869 2278 1132 2341 memini
1186 2277 1356 2341 domi
1406 2278 1472 2341 in
1524 2277 1902 2361 hemicyclio
1956 2300 2022 2340 se
2070 2281 2307 2353 entem,
2359 2281 2435 2340 ut
2486 2277 2758 2354 solebat,

402 2384 547 2428 cum
591 2367 655 2427 et
699 2382 822 2445 ego
869 2383 1077 2426 essem
1128 2383 1255 2425 una
1309 2366 1374 2426 et
1423 2362 1614 2446 pauci
1667 2361 2004 2425 admodum
2054 2360 2429 2438 familiares,
2482 2361 2551 2424 in
2607 2382 2762 2425 eum

402 2468 756 2511 sermonem
798 2445 979 2509 illum
1005 2445 1298 2521 incidere,
1341 2448 1450 2529 qui
1494 2450 1634 2510 tum
1662 2444 1989 2527 permultis
2034 2448 2170 2507 erat
2211 2445 2280 2507 in
2312 2465 2439 2508 ore.
2527 2444 2762 2507 Memi-

403 2530 554 2594 nisti
597 2530 765 2594 enim
807 2529 1119 2612 profectO,
1162 2529 1404 2608 Attice,
1451 2535 1516 2594 et
1561 2550 1636 2592 eo
1681 2529 1908 2612 magiS,
1954 2528 2123 2611 quod
2165 2526 2236 2591 P.
2282 2526 2568 2610 Sulpicio
2615 2532 2762 2592 ute-

405 2617 556 2678 bare
599 2613 896 2690 multum,
949 2634 1094 2676 cum
1145 2614 1198 2675 is
1242 2613 1532 2676 tribunus
1576 2611 1660 2695 pl.
1718 2612 1972 2694 capitali
2024 2612 2168 2675 odio
2223 2634 2261 2674 a
2308 2609 2378 2686 Q.
2424 2612 2764 2696 Pompei0,
2787 2637 2845 2683 15

406 2697 518 2781 qui
559 2701 697 2760 tum
743 2701 877 2759 erat
908 2695 1145 2773 consul,
1190 2695 1535 2773 dissideret,
1580 2715 1853 2778 quocum
1883 2694 2396 2759 coniunctissime
2443 2700 2508 2759 et
2538 2718 2764 2759 aman-

405 2780 650 2844 tissime
695 2780 955 2856 vixerat,
987 2781 1240 2862 quanta
1270 2783 1436 2843 esset
1462 2778 1795 2842 hominum
1821 2778 1925 2842 vel
1953 2779 2286 2842 admiratio
2332 2777 2437 2843 vel
2475 2778 2763 2863 querela.

333 2888 365 2937 8
402 2865 628 2947 Itaque
673 2867 810 2926 tum
854 2861 1161 2926 Scaevola
1207 2884 1352 2925 cum
1401 2863 1470 2926 in
1524 2884 1665 2925 eam
1715 2862 1920 2943 ipsam
1969 2862 2358 2926 mentionem
2409 2864 2765 2940 incidisset,

402 2947 693 3033 exposuit
751 2946 937 3010 nobis
1001 2966 1355 3009 sermonem
1414 2944 1592 3009 Laeli
1665 2944 1741 3008 de
1802 2945 2080 3009 amicitia
2137 2945 2433 3009 habitum
2497 2947 2581 3010 ab
2646 2947 2763 3010 illo

403 3052 619 3096 secum
663 3034 727 3094 et
773 3051 913 3094 cum
947 3029 1146 3094 altero
1178 3050 1427 3113 genero,
1473 3027 1537 3094 G.
1568 3027 1810 3092 Fannio
1838 3027 2043 3092 Marci
2068 3027 2217 3106 filio,
2261 3030 2486 3111 paucis
2528 3031 2766 3094 diebus
2786 3057 2849 3104 20

399 3118 550 3200 post
593 3117 862 3178 mortem
904 3112 1208 3178 Africani.
1294 3112 1449 3176 Eius
1505 3112 1949 3194 disputationis
2005 3114 2351 3176 sententias
2405 3116 2764 3178 memoriae

401 3198 720 3275 mandavi,
784 3219 942 3280 quas
1004 3196 1127 3260 hoc
1177 3195 1342 3259 libro
1406 3195 1671 3293 e‘xposui
1725 3195 2039 3293 ,arbitratu
2099 3217 2270 3292 ωρος
2334 3199 2525 3279 quasi
2589 3200 2769 3261 enim

401 3286 575 3367 ipsos
626 3282 846 3344 induxi
887 3282 1248 3364 loquenteS,
1306 3301 1386 3342 ne
1460 3280 1724 3361 inquam
1807 3283 1870 3341 et
1951 3279 2159 3361 inquit
2241 3282 2497 3363 saepius
2562 3283 2768 3346 inter·

403 3369 764 3513 pogleretur,
808 3368 1002 3448 atque
1048 3366 1122 3426 ut
1150 3368 1478 3446 tamquam
1507 3385 1546 3426 a
1574 3361 2010 3444 praesentibus
2040 3384 2252 3426 coram
2281 3363 2511 3429 haberi
2548 3387 2769 3429 sermo
2875 3378 2879 3381 ”

404 3452 465 3514 vi
511 3454 735 3513 eretur.
2789 3478 2855 3526 25

553 3657 596 3699 1.
637 3647 861 3711 Quintus
899 3643 1058 3697 codd.
1070 3665 1084 3707 ;
1127 3644 1187 3708 Q.
1212 3642 1307 3703 Ml.
1334 3674 1395 3683 —
1426 3650 1505 3697 13.
1540 3642 1817 3711 permultis
1851 3646 1971 3695 erat
2005 3640 2224 3710 scripsi;
2262 3646 2390 3712 fere
2424 3647 2613 3699 multis
2650 3653 2778 3701 erat

407 3726 781 3790 PGBESW,
817 3725 966 3793 Hm„
1005 3729 1127 3786 fere
1162 3731 1280 3779 erat
1315 3727 1548 3778 omnibus
1583 3724 1658 3789 D,
1687 3728 1814 3794 sere
1847 3724 2076 3777 omnibus
2113 3733 2231 3778 erat
2268 3724 2354 3790 823
2393 3731 2552 3795 forte
2588 3733 2779 3784 multis

372 3828 377 3832 ·
409 3819 527 3864 erat
561 3810 655 3865 Ml.
697 3842 757 3851 —
799 3817 879 3865 24.
918 3825 1090 3863 sermo
1129 3824 1419 3877 operarum
1456 3824 1643 3863 errore
1680 3809 1830 3877 apud
1863 3808 1958 3860 Ml.
1997 3808 2222 3863 excidit.
