3009 4259
1049 200 1206 256 CAP.
1244 208 1459 257 13-15.
1537 203 1571 271 5
1604 209 1821 258 48-55.
2521 201 2603 267 43

276 373 625 457 digentiam
668 370 981 449 colantur,
1025 376 1098 435 ut
1139 373 1202 449 ii,
1247 373 1358 455 qui
1400 372 1627 456 opibus
1682 378 1746 437 et
1799 372 1993 455 copiis
2034 372 2433 455 maximeque
2475 372 2599 435 vir-

270 463 426 535 tute,
467 457 535 519 in
578 477 706 539 qua
745 456 1089 539 plurimum
1139 461 1237 520 est
1276 457 1599 540 praesidii,
1650 457 1905 521 minime
1952 457 2209 521 alterius
2261 456 2601 541 indigeant,

266 541 699 605 liberalissimi
745 541 871 604 sint
915 546 981 605 et
1021 541 1589 605 beneficentissimi.

440 624 655 708 Atque
696 623 868 688 haud
920 624 1113 689 sciam
1166 647 1249 688 an
1300 647 1381 689 ne
1424 647 1583 709 opus
1646 626 1730 689 sit
1781 626 2035 708 quidem
2084 625 2243 689 nihil
2300 645 2605 707 umquam

202 732 233 779 5
276 710 528 773 omnino
583 710 798 773 deesse
851 709 1086 773 amicis.
1173 707 1304 773 Ubi
1365 711 1535 773 enim
1594 709 1804 773 studia
1853 714 2071 774 nostra
2121 709 2487 793 viguissent,
2550 708 2604 771 si

273 816 621 876 numquam
666 793 943 871 consilio,
987 815 1335 877 numquam
1363 816 1554 877 opera
1583 798 1799 857 nostra
1827 816 1943 857 nec
1974 794 2142 859 domi
2184 814 2300 857 nec
2341 792 2603 856 militiae

274 877 482 961 Scipio
514 877 833 962 eguisset?
876 876 1025 942 Non
1052 878 1251 962 igitur
1278 878 1621 942 utilitatem
1650 878 1949 955 amicitia,
1978 878 2090 942 sed
2116 877 2358 942 utilitas
2389 876 2682 990 amici-1-

273 963 433 1026 tiam
483 966 698 1025 secuta
758 966 871 1025 est.
955 960 1104 1026 Non
1158 983 1310 1046 ergo
1367 967 1552 1026 erunt
1600 961 1887 1026 homines
1948 962 2184 1026 deliciis
2246 960 2603 1026 diffluentes
2621 952 2688 1055 &i

275 1045 585 1124 audiendi,
629 1046 683 1109 si
726 1046 977 1130 quando
1020 1046 1098 1110 de
1144 1047 1442 1124 amicitia,
1486 1068 1678 1129 quam
1719 1068 1837 1110 nec
1879 1067 2001 1110 usu
2051 1068 2168 1110 nec
2207 1046 2451 1110 ratione
2493 1044 2606 1107 ha-

187 1153 254 1200 10
273 1131 427 1194 bent
472 1130 816 1214 cognitam,
871 1129 1299 1213 disputabunt.
1383 1129 1555 1196 Nam
1591 1131 1739 1214 quis
1785 1134 1907 1209 est,
1949 1152 2067 1214 pro
2113 1131 2377 1194 deorum
2417 1128 2608 1192 fidem

274 1221 465 1297 atque
508 1214 852 1292 hominum,
896 1214 1007 1297 qui
1048 1215 1216 1292 velit,
1257 1218 1332 1278 ut
1374 1237 1580 1298 neque
1626 1215 1850 1300 diligat
1893 1237 2275 1298 quemquam
2314 1235 2431 1277 nec
2469 1214 2607 1296 ipse

276 1300 354 1363 ab
397 1298 530 1362 ullo
577 1299 894 1383 diligatur,
939 1299 1368 1363 circumfluere
1413 1300 1705 1363 omnibus
1750 1298 1947 1381 copiis
1983 1303 2173 1383 atque
2215 1299 2283 1362 in
2326 1298 2609 1362 omnium

275 1404 489 1447 rerum
532 1383 919 1446 abundantia
960 1384 1212 1447 vivere?
1260 1427 1265 1431 -
1297 1380 1478 1447 Haec
1524 1384 1689 1447 enim
1744 1388 1842 1447 est
1883 1388 2298 1467 tyrannorum
2340 1382 2471 1445 vita
2512 1381 2607 1445 ni-

273 1468 524 1546 mirum,
573 1467 641 1530 in
684 1489 810 1551 qua
852 1466 1027 1530 nulla
1068 1466 1239 1545 fides,
1289 1468 1464 1532 nulla
1519 1469 1773 1545 caritaS,
1825 1468 2002 1533 nulla
2052 1467 2296 1531 stabilis
2347 1466 2606 1530 benivo-

190 1573 255 1620 15
275 1551 507 1615 lentiae
552 1555 762 1634 potest
792 1573 926 1615 esse
953 1550 1200 1628 fiducia,
1244 1552 1453 1616 omnia
1483 1574 1732 1636 semper
1769 1556 2058 1635 suspecta
2087 1556 2277 1634 atque
2323 1550 2605 1626 sollicita,

154 1712 159 1717 .
270 1635 483 1699 nullus
536 1635 715 1699 locus
768 1635 1099 1700 amicitiae.
1185 1633 1337 1711 Quis
1390 1637 1558 1700 enim
1611 1641 1720 1700 aut
1763 1658 1908 1700 eum
1953 1637 2201 1721 diligat,
2246 1656 2435 1718 quem
2474 1655 2605 1697 me·
2624 1663 2689 1712 53

269 1725 428 1797 tuat,
472 1723 583 1783 aut
626 1741 787 1798 eum,
832 1743 869 1784 a
913 1742 1040 1804 quo
1083 1742 1150 1784 se
1194 1720 1397 1785 metui
1436 1724 1660 1804 putet?
1749 1719 2056 1785 Coluntur
2093 1726 2309 1785 tamen
2352 1717 2606 1783 simula-

270 1805 442 1868 tione
504 1804 834 1868 dumtaxat
886 1806 967 1868 ad
1024 1807 1294 1888 tempus·
1381 1802 1564 1880 Quod
1614 1804 1670 1868 si
1711 1805 1901 1883 forte,
1951 1811 2026 1870 ut
2086 1805 2161 1869 fit
2219 1804 2608 1888 plerumque,

272 1889 647 1965 ceciderunt,
676 1892 814 1952 tum
841 1888 1244 1973 intellegitur,
1274 1910 1467 1971 quam
1495 1888 1733 1953 fuerint
1759 1889 1981 1972 inopes
2011 1890 2371 1954 amicorum.
2425 1886 2608 1963 Quod

182 1995 248 2043 20
271 1972 685 2056 Tarquinium
729 1973 957 2037 dixisse
1000 1973 1240 2051 ferunt,
1291 1977 1430 2036 tum
1473 1973 1833 2037 exulantem
1883 1996 1949 2038 se
1991 1973 2403 2049 intellexisse,
2449 1992 2606 2053 quos

270 2056 429 2120 fidos
475 2058 709 2121 amicos
761 2056 1103 2135 habuisset,
1156 2079 1316 2140 quos
1360 2057 1611 2133 infidos,
1665 2079 1810 2121 cum
1867 2059 1998 2122 iam
2041 2058 2282 2122 neutris
2335 2056 2606 2141 gratiam

272 2141 506 2205 referre
549 2146 783 2225 posset.
870 2140 1268 2225 Quamquam
1295 2142 1505 2220 miror,
1548 2142 1660 2206 illa
1690 2164 1766 2206 su
1811 2143 1986 2206 erbia
2026 2146 2091 2206 et
2131 2140 2605 2225 importunitate
2623 2167 2690 2215 54

273 2226 328 2288 si
379 2247 764 2309 quemquam
825 2226 1093 2290 amicum
1145 2226 1379 2290 habere
1430 2227 1656 2309 potuit.
1750 2165 1966 2310 fitque
2017 2231 2090 2290 ut
2137 2226 2355 2302 11111113,
2416 2245 2606 2309 quem

278 2310 424 2386 dixi,
467 2332 673 2374 mores
723 2331 906 2374 veros
959 2311 1192 2374 amicos
1252 2332 1477 2394 parare
1530 2332 1658 2374 non
1708 2316 2079 2393 potuerunt.
2131 2310 2222 2374 sic
2263 2308 2607 2373 multorum

184 2415 253 2464 25
276 2415 427 2476 opes
514 2394 977 2477 raepotentium
1023 2394 1360 2459 excludunt
1389 2394 1693 2458 amicitias
1720 2394 1957 2459 fideleS.
2027 2393 2176 2458 Non
2206 2394 2373 2458 enim
2401 2391 2608 2456 solum

273 2479 416 2561 ipsa
458 2416 743 2543 {ortuna
788 2500 974 2542 caeca
1018 2482 1128 2556 est,
1172 2478 1284 2543 sed
1327 2499 1434 2542 eos
1480 2478 1672 2542 etiam
1714 2478 2089 2575 plerumque
2133 2477 2327 2542 efficit
2371 2497 2607 2553 caecOS,

269 2583 432 2646 quos
461 2562 787 2645 complexa
831 2567 948 2639 est-3
991 2561 1206 2645 itaque
1234 2561 1591 2626 vefferuntur
1625 2562 1758 2627 fere
1786 2562 2043 2626 fastidio
2090 2565 2153 2625 et
2197 2560 2607 2638 contumacia,

268 2667 388 2710 nec
450 2647 790 2729 quicquam
849 2647 1182 2731 insipiente
1254 2647 1579 2711 fortunato
1648 2646 2106 2711 intolerabilius
2173 2645 2311 2709 fieri
2424 2649 2606 2708 otest.

267 2728 484 2813 Atque
526 2730 649 2795 hoc
693 2732 948 2814 quidem
989 2731 1202 2795 videre
1245 2731 1410 2809 licet,
1455 2752 1581 2808 eos,
1626 2731 1736 2814 qm·
1780 2737 1967 2795 antea
1996 2731 2337 2795 commodis
2446 2729 2608 2793 erint

182 2838 246 2887 80
269 2815 570 2892 moribuS,
614 2815 895 2899 imperio,
923 2819 1255 2899 potestate,
1282 2815 1601 2898 prosperis
1639 2815 1827 2878 rebus
1853 2815 2153 2879 inmutari
2200 2813 2246 2897 [,
2277 2812 2488 2898 sperni
2526 2812 2607 2876 ab

269 2899 350 2962 iis
392 2902 636 2962 veteres
667 2899 989 2977 amicitiaS,
1016 2898 1331 2983 indulgeri
1365 2896 1596 2982 novis}
1669 2897 1835 2975 Quid
1871 2905 2084 2963 autem
2115 2898 2369 2962 stultius
2399 2919 2606 2980 quam,
2624 2921 2690 2971 55

271 2999 417 3046 eum
445 2982 788 3066 plurimum
817 2984 1042 3067 copiiS,
1083 2982 1515 3059 facultatibuS,
1559 2983 1783 3065 opibus
1817 2983 2084 3067 possint,
2130 2987 2337 3046 cetera
2364 3002 2608 3064 parare,
2716 3013 2742 3043 s

271 3088 436 3149 quae
479 3072 784 3150 parantur
825 3068 1104 3150 pecunia,
1157 3088 1379 3150 equoS,
1432 3066 1733 3144 famulos,
1781 3072 2014 3132 vestem
2059 3067 2402 3152 egregiam,
2453 3086 2608 3128 vasa

272 3151 570 3232 pretiosa,
619 3152 852 3216 amicos
896 3174 1024 3216 non
1065 3171 1307 3235 parare,
1353 3151 1658 3233 optimam
1687 3155 1751 3215 et
1776 3150 2264 3236 pulcherrimam
2305 3150 2490 3227 vitae,
2534 3151 2609 3211 ut

184 3258 254 3305 35
276 3235 368 3298 ita
415 3234 637 3313 dicam,
685 3235 1183 3320 supellectilem?
1253 3234 1508 3300 Etenim
1541 3241 1748 3299 cetera
1777 3257 1919 3299 cum
1945 3240 2189 3319 parant,
2235 3235 2337 3298 cui
2362 3237 2606 3317 parent,

273 3319 582 3397 nesciunt,
629 3342 745 3384 nec
789 3320 967 3384 cuius
1012 3340 1204 3384 causa
1245 3319 1538 3384 laborent
1582 3318 1740 3401 (eius
1784 3320 1952 3384 enim
1995 3324 2093 3383 est
2133 3320 2398 3383 istorum
2428 3317 2609 3400 quid·

410 3593 493 3640 20.
529 3591 636 3638 tum
673 3588 976 3640 exulantem
1013 3586 1172 3640 codd.
1207 3588 1434 3655 praeter
1466 3585 1530 3650 P,
1575 3584 1726 3655 Hm.3
1771 3603 1885 3640 cum
1930 3589 2250 3639 exultantem
2284 3585 2344 3647 P,
2391 3588 2607 3638 exulan·

270 3673 392 3733 tem,
419 3676 523 3722 tum
547 3668 799 3740 Madvig,
819 3669 935 3734 M1.;
972 3675 1077 3723 tum
1103 3671 1514 3736 [exsulantem]
1536 3668 1626 3724 Bt.
1651 3700 1713 3710 -
1741 3677 1822 3725 28.
1841 3686 1937 3723 nec
1960 3672 2228 3738 quicquam
2250 3669 2475 3723 PMBD
2490 3667 2603 3730 SV,

269 3752 389 3818 M1.;
436 3771 603 3822 neque
647 3757 914 3823 quicquam
961 3752 1092 3817 GE,
1132 3753 1256 3807 Hm.
1302 3784 1371 3794 —
1406 3761 1486 3809 30.
1533 3756 1718 3819 sperni
1761 3754 1826 3808 ab
1871 3756 1938 3807 iis
1982 3759 2185 3807 veteres
2217 3756 2492 3812 amicitias,
2531 3755 2605 3803 in·

266 3839 477 3905 dulqeri
513 3840 660 3891 novis
695 3855 803 3894 om.
838 3836 900 3891 in
933 3838 994 3903 P,
1032 3838 1162 3892 secl.
1197 3837 1524 3902 Mommsen,
1560 3837 1657 3891 Ml.
