3009 4259
499 182 628 237 VIII
1450 183 1642 238 PRAE
1650 183 1881 240 FATIO.

493 358 567 416 ad
609 356 759 416 illud
800 360 1037 433 tempus
1083 357 1276 417 editos
1337 360 1673 428 enumerat,
1730 357 1920 430 Laelii
1971 377 2091 417 non
2142 358 2289 417 facit
2331 358 2727 430 mentionem,
2781 359 2859 417 in

495 458 662 517 libris
718 462 919 517 autem
975 458 1048 517 de
1103 458 1316 518 officiis
1370 457 1455 535 (H
1511 457 1617 532 31)
1681 461 1931 518 exeunte
1995 478 2145 517 anno
2196 459 2280 519 44
2341 460 2513 519 editis
2567 479 2709 519 eum
2770 464 2857 519 ut

492 560 828 636 perfectum
882 563 1322 620 commemorat.
1411 559 1570 619 Huic
1624 561 1883 635 tempori
1935 561 2239 632 convenit,
2294 560 2456 636 quod
2508 560 2570 619 in
2622 560 2849 620 Laelio

493 658 586 741 (4)
634 659 919 719 Catonem
965 661 1245 720 maiorem
1287 662 1406 720 iam
1452 661 1746 736 scriptum
1790 660 1961 733 dicit3
2018 664 2079 720 et
2122 680 2272 737 quae
2320 660 2390 718 de
2435 666 2851 736 tyrannorum

491 762 616 821 vita
669 762 860 852 deque
917 763 1131 837 opibus
1185 764 1664 838 praepotentium
1729 763 1969 837 exponit
2030 760 2358 840 (52-54),
2424 763 2495 822 de
2560 762 2847 823 Caesaris

494 863 657 921 exitu
700 880 810 922 nos
855 862 1191 922 admonent.

665 963 728 1023 O.
773 964 1045 1022 Laelium
1090 963 1432 1039 Sapientem
1477 963 1682 1024 Cicero
1738 965 1799 1023 in
1842 964 1957 1024 hoc
1999 965 2152 1024 libro
2199 966 2271 1024 de
2316 965 2578 1025 amicitia
2623 966 2840 1041 dispu-

493 1069 716 1125 tantem
768 1064 1001 1124 inducit
1052 1066 1377 1141 paucisque
1439 1065 1650 1125 diebus
1702 1069 1843 1143 post
1905 1069 2156 1126 mortem
2212 1066 2503 1143 Scipionis
2531 1067 2845 1127 Africani

493 1167 762 1238 minoris,
828 1180 1090 1242 quocum
1140 1164 1381 1225 Laelius
1444 1185 1677 1226 summa
1734 1168 2133 1227 familiaritate
2201 1169 2554 1228 coniunctus
2608 1169 2838 1241 fuerat,

495 1286 826 1342 sermonem
867 1267 1026 1327 hunc
1067 1267 1337 1326 habitum
1380 1286 1510 1328 esse
1553 1269 1727 1346 fingit
1766 1270 1842 1343 (a.
1877 1266 2042 1350 129).
2116 1269 2355 1329 Adsunt
2402 1270 2607 1346 generi
2635 1269 2835 1338 Laeli,

497 1370 564 1439 Q.
608 1369 843 1428 Mucius
890 1367 1175 1428 Scaevola
1217 1388 1413 1446 augur
1456 1372 1520 1428 et
1564 1368 1628 1432 G.
1669 1370 1929 1429 Fannius
1944 1416 1958 1442 ‚
2016 1389 2274 1447 quorum
2325 1376 2541 1448 rogatu
2584 1370 2837 1431 Laelius

494 1471 749 1548 primum
795 1470 1180 1543 demonstrat,
1228 1470 1384 1529 inter
1428 1490 1579 1548 quos
1624 1476 1685 1531 et
1728 1471 1873 1549 quid
1912 1472 1991 1531 sit
2021 1472 2279 1533 amicitia
2310 1491 2577 1548 quasque
2607 1473 2837 1532 habeat

495 1572 927 1649 oportunitates
990 1568 1322 1651 (18-24);
1387 1572 1600 1632 deinde
1660 1572 1731 1631 de
1794 1577 1932 1633 ortu
1994 1574 2121 1633 eius
2186 1574 2424 1634 disserit
2484 1572 2828 1653 (26—32);

495 1674 690 1750 pergit
720 1689 1031 1750 exponere,
1065 1676 1359 1748 quatenus
1391 1692 1558 1732 amor
1585 1674 1647 1731 in
1675 1675 1938 1735 amicitia
1966 1675 2250 1751 progredi
2278 1675 2494 1735 debeat
2521 1674 2833 1753 (33—43)

498 1774 759 1852 quidque
802 1774 866 1831 in
910 1794 981 1833 ea
1022 1775 1353 1834 necessario
1397 1776 1477 1834 sit
1521 1775 1964 1851 suscipiendum
2010 1772 2338 1857 (44—48);
2387 1778 2660 1853 sequitur
2707 1777 2828 1836 dis·

494 1876 728 1953 putatio
774 1875 847 1934 de
893 1893 1090 1934 amore
1136 1876 1428 1936 amicitiae
1474 1876 1639 1936 fonte
1670 1873 1971 1958 (48—55)
2019 1882 2081 1937 et
2108 1877 2181 1937 de
2210 1878 2428 1954 finibus
2460 1897 2528 1937 ac
2556 1878 2828 1938 terminis

499 1977 786 2053 diligendi
828 1977 889 2034 in
935 1995 1005 2035 ea
1048 1976 1348 2036 servandis
1406 1974 1734 2052 (56-61);
1789 1981 1923 2037 tum
1973 1977 2215 2039 Laelius
2269 1980 2551 2055 explicat,
2610 1980 2829 2055 quibus

498 2077 675 2137 rebus
727 2077 856 2148 fiat,
896 2079 985 2136 'ut
1034 2078 1204 2136 firma
1257 2080 1318 2136 et
1370 2077 1596 2137 stabilis
1650 2080 1729 2138 sit
1782 2078 2064 2151 amicitia,
2123 2100 2395 2157 quaeque
2449 2081 2569 2140 sint
2613 2099 2828 2141 causae

498 2179 792 2237 amicitiae
838 2178 1263 2255 disiungendae
1307 2177 1643 2251 (62—84);
1692 2179 1944 2257 denique
1976 2182 2275 2255 proponit,
2324 2181 2467 2258 quid
2501 2181 2828 2241 cavendum

499 2280 597 2352 sit,
643 2299 717 2338 ne
762 2279 1178 2339 offensionibus
1223 2280 1518 2339 amicitiae
1565 2280 2035 2357 disrumpantur,
2094 2280 2359 2358 quidque
2412 2283 2486 2342 de
2530 2284 2825 2344 contrario

500 2380 921 2441 adsentationis
967 2382 1114 2441 vitio
1160 2383 1241 2441 sit
1283 2381 1664 2442 iudicandum
1710 2380 2080 2455 <85—100).
