3009 4259
1117 190 1267 245 cAP.
1307 197 1453 245 1—3.
1525 191 1558 259 g
1593 196 1742 246 2-8.
2562 193 2602 256 3

277 392 405 433 non
444 368 576 431 veri
620 366 820 430 simile
864 369 983 442 est,
1045 385 1189 427 cum
1231 368 1473 427 ceterae
1527 368 1739 445 partes
1800 363 2025 426 aetatis
2066 363 2227 427 bene
2270 363 2601 445 discriptae

277 454 418 529 sint,
459 456 809 514 extremum
850 453 1060 513 actum
1100 452 1426 529 tamquam
1469 447 1550 510 ab
1593 447 1782 510 inerti
1822 450 2008 529 poeta
2051 468 2184 510 esse
2227 448 2600 531 neglectum.

279 537 401 601 Sed
449 540 662 600 tamen
711 554 960 598 necesse
1004 533 1125 595 fuit
1186 553 1318 597 esse
1373 531 1612 614 aliquid
1663 535 2013 595 extremum
2064 535 2128 595 et
2168 535 2494 614 tamquam
2535 535 2601 596 in

280 621 571 684 arborum
621 619 794 682 bacis
846 622 1176 699 terraeque
1229 615 1535 680 fructibus
1587 617 1951 679 maturitate
2004 616 2377 697 tempestiva
2421 618 2603 699 quasi

215 723 242 767 5
279 706 513 768 vietum
557 708 621 767 et
664 703 982 777 caducum,
1027 701 1196 783 quod
1237 701 1568 764 ferendum
1610 704 1708 764 est
1748 699 2022 763 molliter
2067 700 2351 781 sapienti.
2439 700 2602 776 Quid

280 793 375 853 est
418 788 585 851 enim
645 786 816 850 aliud
875 784 1220 870 Gigantum
1278 785 1464 849 modo
1526 784 1762 847 bellare
1824 806 1967 862 cum
2020 784 2114 846 dis
2166 784 2290 847 nisi
2340 789 2601 849 naturae

278 895 344 936 re
389 895 432 935 u
525 874 670 934 are‘?

346 895 387 955 p
495 968 726 1013 AELIUS.
805 952 1020 1035 Atqui,
1063 952 1236 1030 Cato,
1279 953 1707 1037 gratissimum
1734 952 1934 1029 nobiS,
1977 956 2049 1015 ut
2093 952 2285 1015 etiam
2326 974 2441 1035 pro
2470 952 2600 1017 Sci·
2634 960 2665 1007 6

231 1110 252 1123 ‚
275 1042 459 1124 pione
510 1038 830 1122 pollicear,
882 1037 1119 1113 feceriS,
1163 1037 1234 1114 si,
1278 1038 1577 1119 quoniam
1628 1057 1973 1118 speramus,
2016 1036 2304 1101 volumus
2349 1037 2601 1119 quidem

203 1145 258 1192 10
276 1130 442 1188 certe
495 1144 677 1186 senes
719 1121 879 1199 fieri,
929 1121 1131 1184 multo
1183 1125 1327 1184 ante
1373 1144 1412 1185 a
1451 1125 1517 1184 te
1571 1120 1965 1183 didicerimus
2028 1120 2254 1203 quibus
2305 1120 2601 1187 11101111ωο

277 1208 624 1273 rationibus
666 1207 734 1269 in
814 1209 1204 1270 avescentem
1246 1209 1521 1269 aetatem
1561 1204 1725 1268 ferre
1768 1204 2095 1286 possimus.

444 1291 626 1356 CATO.
753 1290 953 1353 aciam
978 1310 1144 1366 vem,
1187 1287 1376 1367 Laeli,
1418 1288 1788 1372 praesertim
1832 1289 1886 1350 si
1927 1289 2177 1371 utrique
2206 1293 2501 1367 vestrum,
2529 1294 2622 1355 ut'

280 1378 450 1453 dicis,
493 1380 747 1460 gratum
787 1374 1072 1437 futurum
1115 1378 1227 1437 est.

444 1459 728 1524 LAnmth.
800 1458 1109 1522 Volumus
1153 1478 1320 1534 sane,
1361 1457 1483 1520 nisi
1523 1457 1862 1520 molestum
1905 1460 2017 1534 est,
2061 1455 2234 1535 Cato,
2276 1461 2602 1541 tamquam

201 1564 263 1610 15
275 1546 532 1629 longam
577 1543 854 1626 aliquam
895 1542 1064 1605 viam
1106 1541 1464 1617 confeceris,
1508 1562 1699 1623 quam
1740 1540 1921 1604 nobis
1953 1561 2201 1623 quoque
2245 1541 2600 1625 ingredien-

278 1630 429 1693 dum
471 1629 569 1705 sit,
610 1628 790 1703 istuc,
833 1648 959 1709 quo
1001 1626 1360 1709 pervenisti,
1402 1625 1612 1689 videre
1656 1624 1841 1706 quale
1886 1624 1984 1687 sit.
2638 1692 2649 1703 ,

446 1712 628 1776 CATO.
715 1709 986 1787 Faciam,
1027 1714 1099 1773 ut
1140 1714 1379 1791 poter0,
1419 1708 1609 1773 Laeli.
1695 1707 1893 1792 Saepe
1940 1709 2107 1772 enim
2147 1709 2406 1774 interfui
2449 1732 2600 1793 que·
2638 1684 2700 1804 ξ

275 1797 422 1861 relis
482 1796 840 1879 aequalium
897 1816 1183 1858 meorum
1244 1793 1450 1877 (pares
1514 1797 1725 1857 autem
1783 1797 1993 1857 vetere
2063 1794 2396 1876 proverbio
2458 1817 2601 1858 cum

277 1882 532 1964 paribus
589 1879 886 1944 facillime
945 1878 1455 1963 congregantur),
1517 1898 1677 1960 quae
1738 1876 1801 1941 C.
1861 1875 2201 1955 Salinator,
2274 1900 2436 1961 quae
2497 1877 2601 1962 Sp.

195 1984 259 2031 20
277 1965 562 2042 Albinus,
600 1963 886 2028 homines
916 1963 1286 2039 consulareS,
1329 1963 1528 2026 nostri
1569 1961 1701 2026 fere
1731 1961 2042 2045 aequaleS,
2088 1961 2409 2044 deplorare
2440 1963 2600 2027 sole-

275 2050 448 2128 bant,
487 2053 626 2113 tum
669 2049 837 2131 quod
877 2046 1306 2130 voluptatibus
1350 2050 1649 2124 carerent,
1692 2046 1823 2109 sine
1854 2045 2082 2128 quibus
2125 2047 2320 2110 vitam
2361 2046 2601 2112 nullam

275 2137 589 2216 putarent,
646 2137 784 2196 tum
843 2132 1012 2215 quod
1070 2136 1513 2214 spernerentur
1573 2130 1653 2194 ab
1704 2131 1805 2208 iis,
1858 2152 1896 2193 a
1941 2131 2169 2213 quibus
2229 2136 2439 2195 essent
2481 2132 2601 2196 coli

279 2218 465 2283 soliti.
551 2216 671 2292 Qui
700 2216 855 2279 mihi
883 2238 1010 2281 non
1037 2217 1103 2279 id
1130 2215 1504 2279 videbantur
1534 2236 1844 2292 accusare,
1887 2215 2058 2298 quod
2101 2219 2266 2279 esset
2307 2237 2600 2280 accusan-

281 2302 446 2365 dum.
533 2299 700 2365 Nam
743 2301 796 2363 si
846 2300 913 2363 id
955 2300 1139 2384 culpa
1198 2301 1539 2364 senectutis
1600 2300 1931 2376 accideret,
1993 2300 2211 2363 eadem
2268 2299 2423 2363 mihi
2483 2323 2601 2364 usu

196 2408 259 2454 25
280 2387 567 2449 venirent
607 2384 992 2467 reliquisque
1037 2383 1327 2447 omnibus
1367 2383 1711 2447 maioribus
1754 2387 1924 2461 natu,
1968 2405 2237 2466 quorum
2279 2405 2398 2468 ego
2441 2385 2602 2448 mul-

280 2474 491 2534 torum
534 2469 800 2553 cognovi
841 2472 1226 2532 senectutem
1253 2467 1384 2531 sine
1415 2467 1688 2549 querela,
1733 2467 1843 2549 qui
1884 2489 1952 2532 se
1996 2472 2061 2531 et
2101 2467 2430 2532 libidinum
2468 2470 2600 2532 vin-

280 2553 436 2616 culis
479 2552 723 2617 laxatos
768 2574 901 2616 esse
945 2573 1074 2616 non
1114 2552 1378 2616 moleste
1420 2552 1661 2615 ferrent
1710 2573 1826 2614 nec
1869 2574 1908 2614 a
1950 2552 2078 2615 suis
2123 2552 2600 2634 despicerentur.

281 2635 405 2701 Sed
449 2637 728 2701 omnium
767 2637 949 2700 istius
992 2636 1165 2700 modi
1207 2635 1607 2719 querelarum
1658 2637 1727 2699 in
1767 2635 2049 2699 moribus
2094 2640 2191 2699 est
2233 2637 2434 2720 culpa,
2476 2660 2603 2702 non

278 2721 345 2784 in
389 2726 611 2785 aetate.
696 2720 1008 2784 Moderati
1069 2721 1236 2783 enim
1287 2724 1351 2785 et
1400 2742 1519 2784 nec
1563 2719 1846 2785 difficiles
1895 2742 2015 2784 nec
2056 2719 2383 2785 inhumani
2426 2744 2605 2787 senes

193 2830 260 2878 30
280 2804 670 2870 tolerabilem
698 2809 1081 2868 senectutem
1110 2809 1325 2890 agunt,
1364 2805 1808 2888 importunitas
1837 2809 2048 2868 autem
2078 2809 2141 2869 et
2181 2805 2604 2869 inhumanitas

282 2890 453 2952 omni
496 2890 690 2954 aetati
731 2888 994 2953 molesta
1039 2893 1151 2952 est.

451 2972 731 3036 LAELms.
813 2972 953 3050 Est,
995 2977 1069 3037 ut
1114 2973 1286 3050 diois,
1328 2970 1512 3048 Cat03
1555 2972 1664 3035 sed
1709 2971 1973 3035 fortasse
2020 2973 2246 3036 dixerit
2293 2973 2599 3055 quispiam
2636 2986 2688 3034 82

282 3057 400 3121 tibi
457 3060 714 3141 propter
767 3078 917 3139 opes
968 3061 1031 3121 et
1081 3057 1291 3140 copias
1344 3061 1407 3120 et
1452 3057 1824 3140 dignitatem
1882 3061 2058 3124 tuam
2115 3056 2604 3122 tolerabiliorem

288 3146 672 3205 senectutem
714 3141 928 3219 videri,
968 3141 1034 3204 id
1078 3146 1289 3205 autem
1331 3162 1458 3205 non
1499 3161 1684 3223 posse
1726 3140 1942 3204 multis
1986 3141 2364 3225 contingere.

193 3250 259 3298 85
453 3224 636 3289 CA'ro.
722 3224 840 3288 Est
889 3225 1058 3289 istud
1101 3225 1376 3307 quidem,
1419 3224 1610 3302 Laeli,
1653 3224 1908 3307 aliquid,
1950 3225 2059 3289 sed
2101 3246 2500 3309 nequaquam
2536 3226 2605 3291 in

282 3309 402 3372 isto
463 3312 610 3372 sunt
669 3309 894 3373 omnia.
987 3307 1080 3373 Ut
1122 3308 1569 3373 Themistocles
1628 3308 1829 3372 fertur
1887 3307 2172 3393 Seriphio
2233 3310 2479 3374 cuidam
2537 3312 2604 3374 in

281 3393 489 3476 iurgio
542 3393 958 3475 respondisse,
1012 3415 1155 3457 cum
1205 3393 1313 3457 ille
1357 3394 1613 3458 dixisset
1663 3415 1792 3457 non
1843 3415 1987 3457 eum
2030 3416 2184 3472 sua,
2212 3395 2321 3458 sed
2364 3396 2605 3479 patriae

281 3476 484 3560 gloria
528 3476 922 3560 splendorem
966 3478 1354 3542 adsecutum:
1409 3466 1596 3542 ‘Nec
1638 3464 1990 3556 hercule',
2048 3479 2269 3561 inquit,
2324 3467 2412 3543 ‘si
2466 3500 2603 3565 ego

421 3749 467 3794 1.
501 3741 791 3808 discriptae
818 3741 911 3802 11¹,
948 3740 1102 3807 edd.;
1135 3744 1438 3810 descriptae
1469 3741 1591 3796 rell.
1629 3740 1788 3797 codd.
1822 3773 1890 3783 —
1926 3750 2007 3799 35.
2033 3744 2268 3823 istud-L,
2305 3744 2604 3807 Charisius,

282 3824 402 3884 ML.
440 3827 573 3879 istuc
608 3842 685 3890 00,
720 3825 842 3880 Η111.
880 3856 944 3867 -
981 3834 1061 3881 36.
1099 3832 1219 3879 sunt
1253 3825 1369 3891 LE,
1403 3826 1530 3890 M1.;
1567 3843 1672 3880 om.
1697 3826 1929 3886 PBRs.
1967 3826 2090 3882 Hm.

2144 3912 2200 3963 ι,
